%% Created using Papers on Tue, 12 Nov 2013.
%% http://papersapp.com/papers/

@article{Anonymous:2012bm,
title = {{Intratumor heterogeneity: evolution through space and time.}},
journal = {Cancer Research},
year = {2012},
volume = {72},
number = {19},
pages = {4875--4882},
month = oct
}

@article{Ablett:2012cy,
author = {Ablett, Matthew P and Singh, Jagdeep K and Clarke, Robert B},
title = {{Stem cells in breast tumours: Are they ready for the clinic?}},
journal = {EUROPEAN JOURNAL OF CANCER},
year = {2012},
volume = {48},
number = {14},
pages = {1--13},
month = apr
}

@article{Ahn:2010uq,
author = {Ahn, Y Y and Bagrow, J P and Lehmann, S},
title = {{Link communities reveal multiscale complexity in networks}},
journal = {Nature},
year = {2010},
volume = {466},
number = {7307},
pages = {761--764}
}

@article{Alexander:2004vs,
author = {Alexander, David B and Ichikawa, Hitoshi and Bechberger, John F and Valiunas, Virginijus and Ohki, Misao and Naus, Christian C G and Kunimoto, Takehiko and Tsuda, Hiroyuki and Miller, W Todd and Goldberg, Gary S},
title = {{Normal Cells Control the Growth of Neighboring Transformed Cells Independent of Gap Junctional Communication and Src Activity}},
journal = {Cancer Research},
year = {2004}
}

@article{AlexeyAleshin:2010un,
author = {Alexey Aleshin, Richard S Finn},
title = {{SRC: A Century of Science Brought to the Clinic}},
journal = {Neoplasia (New York, N.Y.)},
year = {2010},
volume = {12},
number = {8},
pages = {599},
month = aug
}

@article{Amabile:2009ib,
author = {Amabile, Giovanni and Meissner, Alexander},
title = {{Induced pluripotent stem cells: current progress and potential for regenerative medicine}},
journal = {Trends in Molecular Medicine},
year = {2009},
volume = {15},
number = {2},
pages = {59--68},
month = feb
}

@article{Anders:2013tt,
author = {Anders, Simon and McCarthy, Davis J and Chen, Yunshen and Okoniewski, Michal and Smyth, Gordon K and Huber, Wolfgang and Robinson, Mark D},
title = {{Count-based differential expression analysis of RNA sequencing data using R and Bioconductor}},
year = {2013},
month = feb
}

@article{Angelini:2008tf,
author = {Angelini, Claudia and Cutillo, Luisa and De Canditiis, Daniela and Mutarelli, Margherita and Pensky, Marianna},
title = {{BATS: a Bayesian user-friendly software for Analyzing Time Series microarray experiments}},
journal = {BMC Bioinformatics},
year = {2008},
volume = {9},
number = {1},
pages = {415},
annote = {Method fits time course gene expression data to (data - control)
N genes diff betwn gene expression for treated and untreated}
}

@article{Antal:2011ju,
author = {Antal, Tibor and Krapivsky, P L},
title = {{Exact solution of a two-type branching process: models of tumor progression}},
journal = {J. Stat. Mech.},
year = {2011},
volume = {2011},
number = {08},
pages = {P08018},
month = aug
}

@article{Arlot:2010fl,
author = {Arlot, Sylvain and Celisse, Alain},
title = {{A survey of cross-validation procedures for model selection}},
journal = {Statist. Surv.},
year = {2010},
volume = {4},
number = {0},
pages = {40--79}
}

@article{Artyomov:2010jr,
author = {Artyomov, Maxim N and Meissner, Alexander and Chakraborty, Arup K},
title = {{A Model for Genetic and Epigenetic Regulatory Networks Identifies Rare Pathways for Transcription Factor Induced Pluripotency}},
journal = {PLoS Comput Biol},
year = {2010},
volume = {6},
number = {5},
pages = {e1000785},
month = may
}

@article{Ashyraliyev:2009gx,
author = {Ashyraliyev, Maksat and Fomekong-Nanfack, Yves and Kaandorp, Jaap A and Blom, Joke G},
title = {{Systems biology: parameter estimation for biochemical models}},
journal = {FEBS Journal},
year = {2009},
volume = {276},
number = {4},
pages = {886--902}
}

@article{Ashyraliyev:2008bn,
author = {Ashyraliyev, Maksat and Jaeger, Johannes and Blom, Joke G},
title = {{Parameter estimation and determinability analysis applied to Drosophila gap gene circuits}},
journal = {BMC Syst Biol},
year = {2008},
volume = {2},
number = {1},
pages = {83}
}

@article{Auer:2010ky,
author = {Auer, P L and Doerge, R W},
title = {{Statistical Design and Analysis of RNA Sequencing Data}},
journal = {Genetics},
year = {2010},
volume = {185},
number = {2},
pages = {405--416},
month = jul
}

@article{Aziz:1999wi,
author = {Aziz, N. and Cherwinski, H. and McMahon, M.},
title = {{Complementation of defective colony-stimulating factor 1 receptor signaling and mitogenesis by Raf and v-Src}},
journal = {Molecular and Cellular Biology},
year = {1999},
volume = {19},
number = {2},
pages = {1101--1115}
}

@article{Baccarini:tw,
author = {Baccarini, Alessia and Chauhan, Hemangini and Gardner, Thomas J and Jayaprakash, Anitha D and Sachidanandam, Ravi and Brown, Brian D},
title = {{Kinetic Analysis Reveals the Fate of a MicroRNA following Target Regulation in Mammalian Cells}},
journal = {Current Biology},
volume = {21},
number = {5},
pages = {369--376}
}

@article{Baker:2012dm,
author = {Baker, Charles and Jia, Tao and Kulkarni, Rahul},
title = {{Stochastic modeling of regulation of gene expression by multiple small RNAs}},
journal = {Phys. Rev. E},
year = {2012},
volume = {85},
number = {6},
pages = {061915},
month = jun
}

@article{Baker:2012ef,
author = {Baker, Monya},
title = {{Cancer stem cells tracked}},
journal = {Nature},
year = {2012},
volume = {488},
number = {7409},
pages = {13--14},
month = aug,
annote = {This papers mentions three independent studies that tested the existence of cancer stem cells by bar coding cells and looking at treated tumours that started growing again. }
}

@article{Bancal:2012jb,
author = {Bancal, J-D and Pironio, S and Ac{\'\i}n, A and Liang, Y-C and Scarani, V and Gisin, N},
title = {{Quantum non-locality based on finite-speed causal influences leads to superluminal signalling}},
journal = {Nature Publishing Group},
year = {2012},
pages = {--},
month = oct
}

@article{Bansal:2006ez,
author = {Bansal, M and Gatta, G D and di Bernardo, D},
title = {{Inference of gene regulatory networks and compound mode of action from time course gene expression profiles}},
journal = {Bioinformatics},
year = {2006},
volume = {22},
number = {7},
pages = {815--822},
month = mar
}

@article{BarJoseph:2004hk,
author = {Bar-Joseph, Z},
title = {{Analyzing time series gene expression data}},
journal = {Bioinformatics},
year = {2004},
volume = {20},
number = {16},
pages = {2493--2503},
month = oct
}

@article{BarJoseph:2008bx,
author = {Bar-Joseph, Ziv and Siegfried, Zahava and Brandeis, Michael and Brors, Benedikt and Lu, Yong and Eils, Roland and Dynlacht, Brian D and Simon, Itamar},
title = {{Genome-wide transcriptional analysis of the human cell cycle identifies genes differentially regulated in normal and cancer cells}},
journal = {Proceedings of the National Academy of Sciences},
year = {2008},
volume = {105},
number = {3},
pages = {955--960},
month = jan
}

@article{BarJoseph:2003jm,
author = {Bar-Joseph, Ziv and Gerber, Georg K and Gifford, David K and Jaakkola, Tommi S and Simon, Itamar},
title = {{Continuous Representations of Time-Series Gene Expression Data}},
journal = {Journal of Computational Biology},
year = {2003},
volume = {10},
number = {3-4},
pages = {341--356},
month = jun
}

@incollection{Barakat:2010vu,
author = {Barakat, T.S. and Gribnau, J.},
title = {{X chromosome inactivation and embryonic stem cells}},
booktitle = {The Cell Biology of Stem Cells},
year = {2010},
pages = {132--154},
publisher = {Springer}
}

@incollection{Barakat:2010vua,
author = {Barakat, Tahsin Stefan and Gribnau, Joost},
title = {{X chromosome inactivation and embryonic stem cells}},
booktitle = {The Cell Biology of Stem Cells},
year = {2010},
pages = {132--154},
publisher = {Springer}
}

@article{Barber:2012cn,
author = {Barber, M F and Michishita-Kioi, E and Xi, Y and Tasselli, L and Kioi, M and Moqtaderi, Z and Tennen, R I and Paredes, S and Young, N L and Chen, K},
title = {{SIRT7 links H3K18 deacetylation to maintenance of oncogenic transformation}},
journal = {Nature},
year = {2012},
volume = {487},
number = {7405},
pages = {114--118}
}

@article{Barski:2007gh,
author = {Barski, Artem and Cuddapah, Suresh and Cui, Kairong and Roh, Tae-Young and Schones, Dustin E and Wang, Zhibin and Wei, Gang and Chepelev, Iouri and Zhao, Keji},
title = {{High-Resolution Profiling of Histone Methylations in the Human Genome}},
journal = {Cell},
year = {2007},
volume = {129},
number = {4},
pages = {823--837},
month = may
}

@article{Baverstock:2012wk,
author = {Baverstock, K},
title = {{Life as physics and chemistry: A system view of biology}},
journal = {Progress in Biophysics and Molecular Biology},
year = {2012}
}

@article{Beato:2012fx,
author = {Beato, Miguel and Vicent, Guillermo P},
title = {{Impact of chromatin structure and dynamics on PR signaling. The initial steps in hormonal gene regulation}},
journal = {Molecular and Cellular Endocrinology},
year = {2012},
volume = {357},
number = {1-2},
pages = {37--42},
month = jun
}

@article{Bellu:2007in,
author = {Bellu, Giuseppina and Saccomani, Maria Pia and Audoly, Stefania and D'Angi{\`o}, Leontina},
title = {{DAISY: A new software tool to test global identifiability of biological and physiological systems}},
journal = {Computer Methods and Programs in Biomedicine},
year = {2007},
volume = {88},
number = {1},
pages = {52--61},
month = oct
}

@article{Bendall:2011bm,
author = {Bendall, S C and Simonds, E F and Qiu, P and Amir, E a D and Krutzik, P O and Finck, R and Bruggner, R V and Melamed, R and Trejo, A and Ornatsky, O I and Balderas, R S and Plevritis, S K and Sachs, K and Pe'er, D and Tanner, S D and Nolan, G P},
title = {{Single-Cell Mass Cytometry of Differential Immune and Drug Responses Across a Human Hematopoietic Continuum}},
journal = {Science},
year = {2011},
volume = {332},
number = {6030},
pages = {687--696},
month = may
}

@article{Benecke:2008bp,
author = {Benecke, Arndt},
title = {{Gene regulatory network inference using out of equilibrium statistical mechanics}},
journal = {HFSP Journal},
year = {2008},
volume = {2},
number = {4},
pages = {183--188},
month = aug
}

@article{Berg:2008dp,
author = {Berg, J},
title = {{Dynamics of gene expression and the regulatory inference problem}},
journal = {Europhys. Lett.},
year = {2008},
volume = {82},
number = {2},
pages = {28010},
month = apr
}

@article{Berg:2008em,
author = {Berg, Johannes},
title = {{Out-of-Equilibrium Dynamics of Gene Expression and the Jarzynski Equality}},
journal = {Phys. Rev. Lett.},
year = {2008},
volume = {100},
number = {18},
pages = {188101},
month = may
}

@article{Bilic:2011ku,
author = {Bilic, Josipa and Belmonte, Juan Carlos Izpis{\'u}a},
title = {{Concise Review: Induced Pluripotent Stem Cells Versus Embryonic Stem Cells: Close Enough or Yet Too Far Apart?}},
journal = {STEM CELLS},
year = {2011},
volume = {30},
number = {1},
pages = {33--41},
month = dec
}

@article{Billingsley:1961ti,
author = {Billingsley, P.},
title = {{Statistical methods in Markov chains}},
journal = {The Annals of Mathematical Statistics},
year = {2007},
volume = {32},
pages = {12--40},
month = dec
}

@article{Bintu:2005bn,
author = {Bintu, Lacramioara and Buchler, Nicolas E and Garcia, Hernan G and Gerland, Ulrich and Hwa, Terence and Kondev, Jan{\'e} and Kuhlman, Thomas and Phillips, Rob},
title = {{Transcriptional regulation by the numbers: applications}},
journal = {Current Opinion in Genetics {\&} Development},
year = {2005},
volume = {15},
number = {2},
pages = {125--135},
month = apr
}

@article{Bintu:2005dl,
author = {Bintu, Lacramioara and Buchler, Nicolas E and Garcia, Hernan G and Gerland, Ulrich and Hwa, Terence and Kondev, Jan{\'e} and Phillips, Rob},
title = {{Transcriptional regulation by the numbers: models}},
journal = {Current Opinion in Genetics {\&} Development},
year = {2005},
volume = {15},
number = {2},
pages = {116--124},
month = apr
}

@article{Bird:2002wm,
author = {Bird, A},
title = {{DNA methylation patterns and epigenetic memory}},
journal = {Genes {\&} development},
year = {2002}
}

@article{Birney:2011ks,
author = {Birney, Ewan},
title = {{Chromatin and heritability: how epigenetic studies can complement genetic approaches}},
journal = {Trends in Genetics},
year = {2011},
volume = {27},
number = {5},
pages = {172--176},
month = may
}

@article{Bishop:2007fe,
author = {Bishop, Christopher M},
title = {{Pattern Recognition and Machine Learning (Information Science and Statistics)}},
journal = {(01 October 2007)},
year = {2007},
annote = {Use this as a reference for the Thesis CV}
}

@article{Bizzarri:2013ch,
author = {Bizzarri, Mariano and Palombo, Alessandro and Cucina, Alessandra},
title = {{Theoretical aspects of Systems Biology}},
journal = {Progress in Biophysics and Molecular Biology},
year = {2013},
month = apr
}

@article{Bjorge:2000da,
author = {Bjorge, Jeffrey D and Jakymiw, Andrew and Fujita, Donald J},
title = {{Selected glimpses into the activation and function of Src kinase.}},
journal = {Oncogene},
year = {2000},
volume = {19},
number = {49},
pages = {5620}
}

@article{Black:2003hc,
author = {Black, Douglas L},
title = {{M ECHANISMS OFA LTERNATIVEP RE-M ESSENGERRNA S PLICING}},
journal = {Annu. Rev. Biochem.},
year = {2003},
volume = {72},
number = {1},
pages = {291--336},
month = jun
}

@article{Blackwell:1957tr,
author = {Blackwell, D. and Koopmans, L.},
title = {{On the identifiability problem for functions of finite Markov chains}},
journal = {The Annals of Mathematical Statistics},
year = {2006},
volume = {28},
pages = {1011--1015},
month = jan
}

@article{Blair:2011ku,
author = {Blair, Kathryn and Wray, Jason and Smith, Austin},
title = {{The Liberation of Embryonic Stem Cells}},
journal = {PLoS Genet},
year = {2011},
volume = {7},
number = {4},
pages = {e1002019},
month = apr
}

@article{Blossey:2008ee,
author = {Blossey, R and Giuraniuc, C},
title = {{Mean-field versus stochastic models for transcriptional regulation}},
journal = {Phys. Rev. E},
year = {2008},
volume = {78},
number = {3},
pages = {031909},
month = sep
}

@article{Bock:2011kx,
author = {Bock, Christoph and Kiskinis, Evangelos and Verstappen, Griet and Gu, Hongcang and Boulting, Gabriella and Smith, Zachary D and Ziller, Michael and Croft, Gist F and Amoroso, Mackenzie W and Oakley, Derek H and Gnirke, Andreas and Eggan, Kevin and Meissner, Alexander},
title = {{Reference Maps of Human ES and iPS Cell Variation Enable High-Throughput Characterization of Pluripotent Cell Lines}},
journal = {Cell},
year = {2011},
volume = {144},
number = {3},
pages = {439--452},
month = feb
}

@article{Bonaguidi:2011dk,
author = {Bonaguidi, Michael A and Wheeler, Michael A and Shapiro, Jason S and Stadel, Ryan P and Sun, Gerald J and Ming, Guo-li and Song, Hongjun},
title = {{In Vivo Clonal Analysis Reveals Self-Renewing and Multipotent Adult Neural Stem Cell Characteristics}},
journal = {Cell},
year = {2011},
volume = {145},
number = {7},
pages = {1142--1155},
month = jun
}

@article{Bosnacki:2009vi,
author = {Bo{\v s}na{\v c}ki, D. and Pronk, T. and de Vink, E.},
title = {{In silico modelling and analysis of ribosome kinetics and aa-tRNA competition}},
journal = {Transactions on Computational Systems Biology XI},
year = {2009},
pages = {69--89},
month = may
}

@article{Bourdon:2011ib,
author = {Bourdon, J{\'e}r{\'e}mie and Eveillard, Damien and Siegel, Anne},
title = {{Integrating Quantitative Knowledge into a Qualitative Gene Regulatory Network}},
journal = {PLoS Comput Biol},
year = {2011},
volume = {7},
number = {9},
pages = {e1002157},
month = sep
}

@article{Bourne:2011fe,
author = {Bourne, Philip E and Barbour, Virginia},
title = {{Ten Simple Rules for Building and Maintaining a Scientific Reputation}},
journal = {PLoS Comput Biol},
year = {2011},
volume = {7},
number = {6},
pages = {e1002108},
month = jun
}

@article{Bowman:2001gg,
author = {Bowman, T and Broome, M A and Sinibaldi, D and Wharton, W and Pledger, W J and Sedivy, J M and Irby, R and Yeatman, T and Courtneidge, S A and Jove, R},
title = {{Stat3-mediated Myc expression is required for Src transformation and PDGF-induced mitogenesis}},
journal = {Proceedings of the National Academy of Sciences},
year = {2001},
volume = {98},
number = {13},
pages = {7319--7324},
month = jun
}

@article{Brambrink:2008hi,
author = {Brambrink, Tobias and Foreman, Ruth and Welstead, G Grant and Lengner, Christopher J and Wernig, Marius and Suh, Heikyung and Jaenisch, Rudolf},
title = {{Sequential Expression of Pluripotency Markers during Direct Reprogramming of Mouse Somatic Cells}},
journal = {Cell Stem Cell},
year = {2008},
volume = {2},
number = {2},
pages = {151--159},
month = feb
}

@article{Brown:2011ws,
author = {Brown, Brian},
title = {{Supplemental InformationKinetic Analysis Reveals the Fateof a MicroRNA following TargetRegulation in Mammalian Cells}},
year = {2011},
pages = {1--9},
month = feb
}

@article{Brown:2003th,
author = {Brown, M.T. and Cooper, J.A.},
title = {{Regulation, substrates and functions of src}},
journal = {Biochimica et biophysica acta},
year = {2003},
volume = {1287},
number = {2-3},
pages = {121--149},
month = may
}

@article{Buchler:2003tw,
author = {Buchler, Nicolas E and Gerland, Ulrich and Hwa, Terence},
title = {{On Schemes of Combinatorial Transcription Logic}},
journal = {Proceedings of the National Academy of Sciences of the United States of America},
year = {2003},
volume = {100},
number = {9},
pages = {5136--5141},
month = apr
}

@article{Buganim:2012hp,
author = {Buganim, Yosef and Faddah, Dina A and Cheng, Albert W and Itskovich, Elena and Markoulaki, Styliani and Ganz, Kibibi and Klemm, Sandy L and van Oudenaarden, Alexander and Jaenisch, Rudolf},
title = {{Single-Cell Expression Analyses during Cellular Reprogramming Reveal an Early Stochastic and a Late Hierarchic Phase}},
journal = {Cell},
year = {2012},
volume = {150},
number = {6},
pages = {1209--1222},
month = sep
}

@article{Bullard:2010go,
author = {Bullard, James H and Purdom, Elizabeth and Hansen, Kasper D and Dudoit, Sandrine},
title = {{Evaluation of statistical methods for normalization and differential expression in mRNA-Seq experiments}},
journal = {BMC Bioinformatics},
year = {2010},
volume = {11},
number = {1},
pages = {94}
}

@article{Buot:2006fw,
author = {Buot, Max-Louis G and Richards, Donald St P},
title = {{Counting and locating the solutions of polynomial systems of maximum likelihood equations, I}},
journal = {Computational Algebraic Statistics Computational Algebraic Statistics},
year = {2006},
volume = {41},
number = {2},
pages = {234--244},
month = feb
}

@article{Buske:2011cf,
author = {Buske, Peter and Galle, J{\"o}rg and Barker, Nick and Aust, Gabriela and Clevers, Hans and Loeffler, Markus},
title = {{A Comprehensive Model of the Spatio-Temporal Stem Cell and Tissue Organisation in the Intestinal Crypt}},
journal = {PLoS Comput Biol},
year = {2011},
volume = {7},
number = {1},
pages = {e1001045},
month = jan
}

@article{Cantone:2009db,
author = {Cantone, Irene and Marucci, Lucia and Iorio, Francesco and Ricci, Maria Aurelia and Belcastro, Vincenzo and Bansal, Mukesh and Santini, Stefania and di Bernardo, Mario and di Bernardo, Diego and Cosma, Maria Pia},
title = {{A Yeast Synthetic Network for In Vivo Assessment of Reverse-Engineering and Modeling Approaches}},
journal = {Cell},
year = {2009},
volume = {137},
number = {1},
pages = {172--181},
month = apr
}

@article{Carey:2011bs,
author = {Carey, Bryce W and Markoulaki, Styliani and Hanna, Jacob H and Faddah, Dina A and Buganim, Yosef and Kim, Jongpil and Ganz, Kibibi and Steine, Eveline J and Cassady, John P and Creyghton, Menno P and Welstead, G Grant and Gao, Qing and Jaenisch, Rudolf},
title = {{Reprogramming Factor Stoichiometry Influences the Epigenetic State and Biological Properties of Induced Pluripotent Stem Cells}},
journal = {Stem Cell},
year = {2011},
volume = {9},
number = {6},
pages = {588--598},
month = dec
}

@misc{embojs:XplnrWwz,
title = {{emboj2011368s8}},
author = {Carrol, Jason},
month = mar,
year = {2012}
}

@article{Celeux:2008do,
author = {Celeux, Gilles and Durand, Jean-Baptiste},
title = {{Selecting hidden Markov model state number with cross-validated likelihood}},
journal = {Comput Stat},
year = {2008},
volume = {23},
number = {4},
pages = {541--564--564}
}

@article{Cerveny:2010js,
author = {Cerveny, Kara L.},
title = {{Select: Stem Cell Reprogramming}},
journal = {Cell},
year = {2010},
volume = {143},
number = {7},
pages = {1035--1037},
month = dec
}

@article{Cesana:2011be,
author = {Cesana, Marcella and Cacchiarelli, Davide and Legnini, Ivano and Santini, Tiziana and Sthandier, Olga and Chinappi, Mauro and Tramontano, Anna and Bozzoni, Irene},
title = {{A Long Noncoding RNA Controls Muscle Differentiation by Functioning as a Competing Endogenous RNA}},
journal = {Cell},
year = {2011},
volume = {147},
number = {2},
pages = {358--369},
month = oct
}

@article{Chapelle:2002iw,
author = {Chapelle, Olivier and Vapnik, Vladimir and Bengio, Yoshua},
title = {{Model Selection for Small Sample Regression}},
journal = {Machine Learning},
year = {2002},
volume = {48},
number = {1/3},
pages = {9--23},
month = jan
}

@article{Charlebois:2011fu,
author = {Charlebois, Daniel A and Abdennur, Nezar and K{\ae}rn, Mads},
title = {{Gene Expression Noise Facilitates Adaptation and Drug Resistance Independently of Mutation}},
journal = {Phys. Rev. Lett.},
year = {2011},
volume = {107},
number = {21},
pages = {218101},
month = nov
}

@article{CheckHayden:2011ug,
author = {Check Hayden, Erika},
title = {{The growing pains of pluripotency}},
journal = {Nature},
year = {2011},
volume = {473},
number = {7347},
pages = {272--274}
}

@article{Chen:2010ky,
author = {Chen, S and Zhang, Y E and Long, M},
title = {{New Genes in Drosophila Quickly Become Essential}},
journal = {Science},
year = {2010},
volume = {330},
number = {6011},
pages = {1682--1685},
month = dec
}

@article{Chen:2004tv,
author = {Chen, William W. and England, Jeremy L. and Shakhnovich, Eugene I.},
title = {{An Exact Model of Fluctuations in Gene Expression}},
journal = {arXiv},
year = {2004},
eprint = {q-bio/0402021v1},
eprinttype = {arxiv},
eprintclass = {q-bio.MN},
month = feb
}

@article{Cheng:2011ew,
author = {Cheng, Chao and Yan, Koon-Kiu and Hwang, Woochang and Qian, Jiang and Bhardwaj, Nitin and Rozowsky, Joel and Lu, Zhi John and Niu, Wei and Alves, Pedro and Kato, Masaomi and Snyder, Michael and Gerstein, Mark},
title = {{Construction and Analysis of an Integrated Regulatory Network Derived from High-Throughput Sequencing Data}},
journal = {PLoS Comput Biol},
year = {2011},
volume = {7},
number = {11},
pages = {e1002190},
month = nov
}

@article{Chou:2011kl,
author = {Chou, T and Mallick, K and Zia, R K P},
title = {{Non-equilibrium statistical mechanics: from a paradigmatic model to biological transport}},
journal = {Rep. Prog. Phys.},
year = {2011},
volume = {74},
number = {11},
pages = {116601},
month = oct
}

@article{Chu:1991up,
author = {Chu, C.K. and Marron, J.S.},
title = {{Comparison of Two Bandwidth Selectors with Dependent Errors}},
journal = {Ann. Statist.},
year = {1991},
volume = {19},
number = {4},
pages = {1906--1918},
month = jan
}

@article{Chun:2011cw,
author = {Chun, Yong Soon and Byun, Kyunghee and Lee, Bonghee},
title = {{Induced pluripotent stem cells and personalized medicine: current progress and future perspectives}},
journal = {Anat Cell Biol},
year = {2011},
volume = {44},
number = {4},
pages = {245}
}

@article{Clifford:1977wa,
author = {Clifford, Peter},
title = {{Nonidentifiability in stochastic models of illness and death}},
journal = {Proceedings of the National Academy of Sciences of the United States of America},
year = {1977},
volume = {74},
number = {4},
pages = {1338--1340}
}

@article{Cloonan:2008ht,
author = {Cloonan, Nicole and Forrest, Alistair R R and Kolle, Gabriel and Gardiner, Brooke B A and Faulkner, Geoffrey J and Brown, Mellissa K and Taylor, Darrin F and Steptoe, Anita L and Wani, Shivangi and Bethel, Graeme and Robertson, Alan J and Perkins, Andrew C and Bruce, Stephen J and Lee, Clarence C and Ranade, Swati S and Peckham, Heather E and Manning, Jonathan M and McKernan, Kevin J and Grimmond, Sean M},
title = {{Stem cell transcriptome profiling via massive-scale mRNA sequencing}},
journal = {Nat Meth},
year = {2008},
volume = {5},
number = {7},
pages = {613--619},
month = may
}

@article{Cobelli:1980we,
author = {Cobelli, C. and Distefano, J.J.},
title = {{Parameter and structural identifiability concepts and ambiguities: a critical review and analysis}},
journal = {American Journal of Physiology-Regulatory, Integrative and Comparative Physiology},
year = {2003},
volume = {239},
number = {1},
pages = {R7--R24},
month = feb
}

@article{Collins:1978ti,
author = {Collins, Steven J and Ruscetti, Francis W and Gallagher, Robert E and Gallo, Robert C},
title = {{Terminal differentiation of human promyelocytic leukemia cells induced by dimethyl sulfoxide and other polar compounds}},
journal = {Proceedings of the National Academy of Sciences of the United States of America},
year = {1978},
volume = {75},
number = {5},
pages = {2458--2462}
}

@article{Anonymous:2011iz,
author = {Consortium, ENCODE Project},
title = {{A user's guide to the encyclopedia of DNA elements (ENCODE)}},
journal = {PLoS Biol},
year = {2011},
volume = {9},
number = {4},
pages = {e1001046}
}

@article{David:2010hk,
author = {David, Rachel},
title = {{Stem cells: LKB1 maintains the balance}},
journal = {Nature Publishing Group},
year = {2010},
pages = {1--1},
month = dec
}

@article{Davies:2012bp,
author = {Davies, Paul C W and Rieper, Elisabeth and Tuszynski, Jack A},
title = {{Self-organization and entropy reduction in a living cell}},
journal = {Cell},
year = {2012},
month = nov
}

@article{Davis:2002vz,
author = {Davis, BA and Heathcote, CR and O'neill, TJ},
title = {{Estimating and interpolating a Markov chain from aggregate data}},
journal = {Biometrika},
year = {2002},
volume = {89},
number = {1},
pages = {95--110}
}

@article{Day:2007by,
author = {Day, N and Hemmaplardh, A and Thurman, R E and Stamatoyannopoulos, J A and Noble, W S},
title = {{Unsupervised segmentation of continuous genomic data}},
journal = {Bioinformatics},
year = {2007},
volume = {23},
number = {11},
pages = {1424--1426},
month = jun
}

@article{Debnath:2003km,
author = {Debnath, Jayanta and Muthuswamy, Senthil K and Brugge, Joan S},
title = {{Morphogenesis and oncogenesis of MCF-10A mammary epithelial acini grown in three-dimensional basement membrane cultures}},
journal = {Methods},
year = {2003},
volume = {30},
number = {3},
pages = {256--268},
month = jul
}

@article{Derbes:1996wj,
author = {Derbes, David},
title = {{Feynman's derivation of the Schr{\"o}dinger equation}},
journal = {American Journal of Physics},
year = {1996},
volume = {64},
pages = {881--884}
}

@article{Dillies:2012wb,
author = {Dillies, M A and Rau, A and Aubert, J and Hennequet-Antier, C and Jeanmougin, M and Servant, N and Keime, C and Marot, G and Castel, D and Estelle, J},
title = {{A comprehensive evaluation of normalization methods for Illumina high-throughput RNA sequencing data analysis}},
journal = {Briefings in Bioinformatics},
year = {2012}
}

@phdthesis{Dirac:vw,
author = {Dirac, Paul},
title = {{Quantum Mechanics}},
school = {St. John's College}
}

@article{Dolgin:2010vo,
author = {Dolgin, E},
title = {{Stem cells: The impatient advocate.}},
journal = {Nature},
year = {2010}
}

@article{Domingos:2012te,
author = {Domingos, P},
title = {{A few useful things to know about machine learning}},
journal = {Communications of the ACM},
year = {2012},
volume = {55},
number = {10},
pages = {78--87}
}

@article{Donnelly:1999tg,
author = {Donnelly, P. and Wiuf, C. and Hein, J. and Slatkin, M. and Ewens, WJ and Kingman, JFC},
title = {{Discussion: Recent common ancestors of all present-day individuals}},
journal = {Advances in Applied Probability},
year = {1999},
volume = {31},
pages = {1027--1035}
}

@article{Dorosz:2009dv,
author = {Dorosz, Sven and Pleimling, Michel},
title = {{Fluctuation ratios in the absence of microscopic time reversibility}},
journal = {Phys. Rev. E},
year = {2009},
volume = {79},
number = {3},
pages = {030102},
month = mar
}

@article{Down:2002cw,
author = {Down, T A},
title = {{Computational Detection and Location of Transcription Start Sites in Mammalian Genomic DNA}},
journal = {Genome Research},
year = {2002},
volume = {12},
number = {3},
pages = {458--461},
month = mar
}

@article{Dudoit:2002va,
author = {Dudoit, S and Yang, Y H and Callow, M J and Speed, T P},
title = {{Statistical methods for identifying differentially expressed genes in replicated cDNA microarray experiments}},
journal = {Statistica Sinica},
year = {2002}
}

@article{Dudoit:2002vaa,
author = {Dudoit, Sandrine and Yang, Y H and Callow, M J and Speed, T P},
title = {{Statistical methods for identifying differentially expressed genes in replicated cDNA microarray experiments}},
journal = {Statistica Sinica},
year = {2002}
}

@article{Dunn:2012tw,
author = {Dunn, Barbara},
title = {{Cancer: Solving an age-old problem.}},
journal = {Nature},
year = {2012},
volume = {483},
number = {7387},
pages = {S2--S6}
}

@article{Durrett:2013tj,
author = {Durrett, R},
title = {{Cancer Modeling: A Personal Perspective}},
journal = {Notices of the AMS},
year = {2013}
}

@article{Author:2011vt,
author = {Eckner, Andreas},
title = {{Algorithms for Unevenly-Spaced Time Series: Moving Averages and Other Rolling Operators}},
year = {2012}
}

@article{Eddy:2005cj,
author = {Eddy, Sean R},
title = {{"Antedisciplinary" science.}},
journal = {PLoS Comput Biol},
year = {2005},
volume = {1},
number = {1},
pages = {e6}
}

@article{Efron:1986uo,
author = {Efron, Bradley},
title = {{Why isn't Everyone a Bayesian?}},
journal = {American Statistician},
year = {2010},
volume = {40},
pages = {1--5},
month = may
}

@article{Einstein:2005ww,
author = {Einstein, Albert},
title = {{{\"U}ber die von der molekularkinetischen theorie der w{\"a}rme gerforderte Bewegung von in ruhenden }},
journal = {Annalen der Physik},
year = {1905},
volume = {322},
number = {8},
pages = {549--560}
}

@article{Eisenberg:2003vs,
author = {Eisenberg, E and Levanon, E Y},
title = {{Human housekeeping genes are compact}},
journal = {Trends in Genetics},
year = {2003},
volume = {19},
number = {7},
pages = {362--365}
}

@article{Ellegren:2011du,
author = {Ellegren, Hans},
title = {{Sex-chromosome evolution: recent progress and the influence of male and female heterogamety}},
journal = {Nature Publishing Group},
year = {2011},
volume = {12},
number = {3},
pages = {157--166},
month = feb
}

@article{Ephraim:cb,
author = {Ephraim, Y and Roberts, W J J},
title = {{Revisiting autoregressive hidden Markov modeling of speech signals}},
journal = {IEEE Signal Process. Lett.},
volume = {12},
number = {2},
pages = {166--169}
}

@article{Ernst:2010bh,
author = {Ernst, J and Kellis, M},
title = {{Discovery and characterization of chromatin states for systematic annotation of the human genome}},
journal = {Nat Biotechnol},
year = {2010},
volume = {28},
number = {8},
pages = {817--825}
}

@article{Ernst:2012ii,
author = {Ernst, Jason and Kellis, Manolis},
title = {{ChromHMM: automating chromatin-state discovery and characterization}},
journal = {Nat Meth},
year = {2012},
volume = {9},
number = {3},
pages = {215--216},
month = feb
}

@article{Evans:2011jx,
author = {Evans, Martin},
title = {{Discovering pluripotency: 30 years of mouse embryonic stem cells}},
journal = {Nature Publishing Group},
year = {2011},
volume = {12},
number = {10},
pages = {680--686},
month = oct
}

@article{Fan:2001kj,
author = {Fan, Jianqing and Li, Runze},
title = {{Variable Selection via Nonconcave Penalized Likelihood and its Oracle Properties}},
journal = {Journal of the American Statistical Association},
year = {2002},
volume = {96},
number = {456},
pages = {1348--1360},
month = jan
}

@article{Ferbeyre:2011iz,
author = {Ferbeyre, G and Moriggl, R},
title = {{The role of Stat5 transcription factors as tumor suppressors or oncogenes}},
journal = {BBA - Reviews on Cancer},
year = {2011},
volume = {1815},
number = {1},
pages = {104--114},
month = jan
}

@article{Filion:2010dw,
author = {Filion, Guillaume J and van Bemmel, Joke G and Braunschweig, Ulrich and Talhout, Wendy and Kind, Jop and Ward, Lucas D and Brugman, Wim and de Castro, In{\^e}s J and Kerkhoven, Ron M and Bussemaker, Harmen J and van Steensel, Bas},
title = {{Systematic Protein Location Mapping Reveals Five Principal Chromatin Types in Drosophila Cells}},
journal = {Cell},
year = {2010},
volume = {143},
number = {2},
pages = {212--224},
month = oct
}

@article{Fillmore:2007jf,
author = {Fillmore, C. and Kuperwasser, C.},
title = {{Human breast cancer stem cell markers CD44 and CD24: enriching for cells with functional properties in mice or in man}},
journal = {Breast Cancer Res},
year = {2007},
volume = {9},
number = {3},
pages = {303}
}

@article{Fitzgerald:2011vt,
author = {Fitzgerald, Jeffrey D and Sincich, Lawrence C and Sharpee, Tatyana O},
title = {{Minimal models of multidimensional computations}},
journal = {PLoS Comput Biol},
year = {2011},
volume = {7},
number = {3},
pages = {e1001111}
}

@techreport{Fletcher:2009wd,
author = {Fletcher, T.},
title = {{Switching Autoregressive Hidden Markov Model (SAR-HMM)}},
year = {2009},
month = apr
}

@article{Follmer:2012bv,
author = {Follmer, Nicole E and Wani, Ajazul H and Francis, Nicole J},
title = {{A Polycomb Group Protein Is Retained at Specific Sites on Chromatin in Mitosis}},
journal = {PLoS Genet},
year = {2012},
volume = {8},
number = {12},
pages = {e1003135},
month = dec
}

@article{Fox:2011vj,
author = {Fox, E and Sudderth, E B and Jordan, M I and Willsky, A S},
title = {{Bayesian nonparametric inference of switching dynamic linear models}},
journal = {Signal Processing, IEEE Transactions on},
year = {2011},
volume = {59},
number = {4},
pages = {1569--1585}
}

@article{Frame:2004gr,
author = {Frame, Margaret C},
title = {{Newest findings on the oldest oncogene; how activated src does it}},
journal = {Science Signaling},
year = {2004},
volume = {117},
number = {7},
pages = {989},
month = mar
}

@article{Frame:2002gz,
author = {Frame, Margaret C},
title = {{Src in cancer: deregulation and consequences for cell behaviour}},
journal = {BBA - Reviews on Cancer},
year = {2002},
volume = {1602},
number = {2},
pages = {114--130},
month = jun
}

@article{Fredkin:1986wk,
author = {Fredkin, D.R. and Rice, J.A.},
title = {{On aggregated Markov processes}},
journal = {Journal of applied probability},
year = {1986},
volume = {23},
pages = {208--214}
}

@article{Freedrnan:1991ug,
author = {Freedrnan, David A},
title = {{Statistical models and shoe leather}},
journal = {Sociological methodology},
year = {1991},
volume = {21},
pages = {291--313}
}

@article{Friedman:2007df,
author = {Friedman, Jerome and Hastie, Trevor and Tibshirani, Robert},
title = {{Sparse inverse covariance estimation with the graphical lasso}},
journal = {Biostatistics},
year = {2008},
volume = {9},
number = {3},
pages = {432--441},
month = jan
}

@article{Fuhrken:2007jka,
author = {Fuhrken, Peter G and Chen, Chi and Miller, William M and Papoutsakis, Eleftherios T},
title = {{Comparative, genome-scale transcriptional analysis of CHRF-288-11 and primary human megakaryocytic cell cultures provides novel insights into lineage-specific differentiation}},
journal = {Experimental Hematology},
year = {2007},
volume = {35},
number = {3},
pages = {476--489.e23},
month = mar
}

@article{Fuhrken:2007jk,
author = {Fuhrken, Peter G and Chen, Chi and Miller, William M and Papoutsakis, Eleftherios T},
title = {{Comparative, genome-scale transcriptional analysis of CHRF-288-11 and primary human megakaryocytic cell cultures provides novel insights into lineage-specific differentiation}},
journal = {Experimental Hematology},
year = {2007},
volume = {35},
number = {3},
pages = {476--489.e23},
month = mar
}

@article{GarciaOjalvo:2012gm,
author = {Garcia-Ojalvo, Jordi and Martinez Arias, Alfonso},
title = {{Towards a statistical mechanics of cell fate decisions}},
journal = {Current Opinion in Genetics {\&} Development},
year = {2012},
month = nov
}

@article{Gardner:1997uc,
author = {Gardner, R.L. and Brook, F.A.},
title = {{Reflections on the biology of embryonic stem (ES) cells}},
journal = {Int. J. Dev. Biol.},
year = {1997},
volume = {41},
pages = {235--243}
}

@article{Gardner:2003ig,
author = {Gardner, T S and di Bernardo, D and Lorenz, D. and Collins, J.J.},
title = {{Inferring Genetic Networks and Identifying Compound Mode of Action via Expression Profiling}},
journal = {Science},
year = {2003},
volume = {301},
number = {5629},
pages = {102--105},
month = jul
}

@article{Gardner:2003ws,
author = {Gardner, T S and di Bernardo, D and Lorenz, D. and Collins, J.J.},
title = {{Inferring genetic networks and identifying compound mode of action via expression profiling}},
journal = {Science's STKE},
year = {2003},
volume = {301},
number = {5629},
pages = {102}
}

@article{Garijo:2012hm,
author = {Garijo, N and Manzano, R and Osta, R and Perez, M A},
title = {{Stochastic cellular automata model of cell migration, proliferation and differentiation: Validation with in vitro cultures of muscle satellite cells}},
journal = {Journal of Theoretical Biology},
year = {2012},
month = aug
}

@article{GasparMaia:2011hx,
author = {Gaspar-Maia, Alexandre and Alajem, Adi and Meshorer, Eran and Ramalho-Santos, Miguel},
title = {{Open chromatin in pluripotency and reprogramming}},
journal = {Nature Publishing Group},
year = {2011},
volume = {12},
number = {1},
pages = {36--47},
month = jan
}

@article{Gatenby:2013cy,
author = {Gatenby, Robert A and Frieden, B Roy},
title = {{The Critical Roles of Information and Nonequilibrium Thermodynamics in Evolution of Living Systems}},
journal = {Phys. Rev. Lett.},
year = {2013},
month = feb
}

@article{Geim:2011ed,
author = {Geim, Andre K},
title = {{Nobel Lecture: Random walk to graphene}},
journal = {Rev. Mod. Phys.},
year = {2011},
volume = {83},
number = {3},
pages = {851--862},
month = aug
}

@article{Gerlinger:2012wu,
author = {Gerlinger, M and Futreal, P A and Pusztai, L and Swanton, C},
title = {{Intratumor heterogeneity: seeing the wood for the trees}},
journal = {Sci Transl {\ldots}},
year = {2012}
}

@article{Gibson:1998wx,
author = {Gibson, G.J. and Renshaw, E.},
title = {{Estimating parameters in stochastic compartmental models using Markov chain methods}},
journal = {Mathematical Medicine and Biology},
year = {1998},
volume = {15},
number = {1},
pages = {19--40}
}

@article{Gilbert:1959tr,
author = {Gilbert, E.J.},
title = {{On the identifiability problem for functions of finite Markov chains}},
journal = {The Annals of Mathematical Statistics},
year = {2006},
volume = {30},
number = {3},
pages = {688--697},
month = jan
}

@article{Gill:1986vb,
author = {Gill, R.D.},
title = {{On Estimating Transition Intensities of a Markov Process with Aggregate Data of a Certain Type:" Occurrences but No Exposures"}},
journal = {Scandinavian journal of Statistics},
year = {1986},
volume = {13},
pages = {113--134}
}

@article{Glaus:2012wz,
author = {Glaus, Peter and Honkela, Antti and Rattray, Magnus},
title = {{Identifying differentially expressed transcripts from RNA-seq data with biological variation}},
journal = {Bioinformatics},
year = {2012},
volume = {28},
number = {13},
pages = {1721--1728},
month = jan
}

@article{Goel:2007cx,
author = {Goel, Gunjan and Makkar, Harinder P S and Francis, George and Becker, Klaus},
title = {{Phorbol Esters: Structure, Biological Activity, and Toxicity in Animals}},
journal = {Int. J. of Toxicology},
year = {2007},
volume = {26},
number = {4},
pages = {279--288},
month = jul
}

@article{Gonzalez:2011fo,
author = {Gonz{\'a}lez, Federico and Bou{\'e}, St{\'e}phanie and Belmonte, Juan Carlos Izpis{\'u}a},
title = {{Methods for making induced pluripotent stem cells: reprogramming {\`a} la carte}},
journal = {Nature Publishing Group},
year = {2011},
volume = {12},
number = {4},
pages = {231--242},
month = feb
}

@article{DeGooijer:2001tl,
author = {De Gooijer, J.G.},
title = {{Cross‐validation Criteria for Setar Model Selection}},
journal = {Journal of Time Series Analysis},
year = {2001},
volume = {22},
number = {3},
pages = {267--281},
month = mar
}

@article{Gore:2011id,
author = {Gore, Athurva and Li, Zhe and Fung, Ho-Lim and Young, Jessica E and Agarwal, Suneet and Antosiewicz-Bourget, Jessica and Canto, Isabel and Giorgetti, Alessandra and Israel, Mason A and Kiskinis, Evangelos and Lee, Je-Hyuk and Loh, Yuin-Han and Manos, Philip D and Montserrat, Nuria and Panopoulos, Athanasia D and Ruiz, Sergio and Wilbert, Melissa L and Yu, Junying and Kirkness, Ewen F and Belmonte, Juan Carlos Izpis{\'u}a and Rossi, Derrick J and Thomson, James A and Eggan, Kevin and Daley, George Q and Goldstein, Lawrence S B and Zhang, Kun},
title = {{Somatic coding mutations in human induced pluripotent stem cells}},
journal = {Nature},
year = {2011},
volume = {470},
number = {7336},
pages = {63--67},
month = feb
}

@article{Gorissen:2012ie,
author = {Gorissen, Mieke and Lazarescu, Alexandre and Mallick, Kirone and Vanderzande, Carlo},
title = {{Exact Current Statistics of the Asymmetric Simple Exclusion Process with Open Boundaries}},
journal = {Phys. Rev. Lett.},
year = {2012},
volume = {109},
number = {17},
pages = {170601},
month = oct
}

@article{Graf:2011kt,
author = {Graf, Thomas},
title = {{Historical Origins of Transdifferentiation and Reprogramming}},
journal = {Stem Cell},
year = {2011},
volume = {9},
number = {6},
pages = {504--516},
month = dec
}

@article{Greaves:2012jr,
author = {Greaves, M},
title = {{Cancer stem cells as 'units of selection'}},
journal = {Evolutionary Applications},
year = {2012}
}

@article{Guarino:2010cf,
author = {Guarino, Marcello},
title = {{Src signaling in cancer invasion}},
journal = {J. Cell. Physiol.},
year = {2010},
volume = {223},
number = {1},
pages = {14--26}
}

@article{Guo:2013wy,
author = {Guo, Xin and Bernard, Allister and Orlando, David A and Haase, Steven B and Hartemink, Alexander J},
title = {{Branching process deconvolution algorithm reveals a detailed cell-cycle transcription program}},
journal = {Proceedings of the National Academy of Sciences},
year = {2013},
volume = {110},
number = {10},
pages = {E968--E977},
month = jan,
annote = {10.1073/pnas.1120991110}
}

@article{Gupta:2011fk,
author = {Gupta, Piyush B and Fillmore, Christine M and Jiang, Guozhi and Shapira, Sagi D and Tao, Kai and Kuperwasser, Charlotte and Lander, Eric S},
title = {{Stochastic State Transitions Give Rise to Phenotypic Equilibrium in Populations of Cancer Cells}},
journal = {Cell},
year = {2011},
volume = {146},
number = {4},
pages = {633--644},
month = aug
}

@article{Hamilton:1989ui,
author = {Hamilton, James D},
title = {{A new approach to the economic analysis of nonstationary time series and the business cycle}},
journal = {Econometrica: journal of the Econometric Society},
year = {1989},
pages = {357--384}
}

@article{Hanahan:2011gu,
author = {Hanahan, Douglas and Weinberg, Robert A},
title = {{Hallmarks of Cancer: The Next Generation}},
journal = {Cell},
year = {2011},
volume = {144},
number = {5},
pages = {646--674},
month = mar
}

@article{Hanna:2009ix,
author = {Hanna, Jacob and Saha, Krishanu and Pando, Bernardo and van Zon, Jeroen and Lengner, Christopher J and Creyghton, Menno P and van Oudenaarden, Alexander and Jaenisch, Rudolf},
title = {{Direct cell reprogramming is a stochastic process amenable to acceleration }},
journal = {Nature},
year = {2009},
volume = {462},
number = {7273},
pages = {595--601},
month = mar
}

@article{Hanna:2010jy,
author = {Hanna, Jacob H and Saha, Krishanu and Jaenisch, Rudolf},
title = {{Pluripotency and Cellular Reprogramming: Facts, Hypotheses, Unresolved Issues}},
journal = {Cell},
year = {2010},
volume = {143},
number = {4},
pages = {508--525},
month = nov
}

@article{Hansen:1997tt,
author = {Hansen, B.E.},
title = {{Inference in TAR models}},
journal = {Studies in nonlinear dynamics and econometrics},
year = {1997},
volume = {2},
number = {1},
pages = {1--14}
}

@article{He:2010cf,
author = {He, Housheng Hansen and Meyer, Clifford A and Shin, Hyunjin and Bailey, Shannon T and Wei, Gang and Wang, Qianben and Zhang, Yong and Xu, Kexin and Ni, Min and Lupien, Mathieu and Mieczkowski, Piotr and Lieb, Jason D and Zhao, Keji and Brown, Myles and Liu, X Shirley},
title = {{Nucleosome dynamics define transcriptional enhancers}},
journal = {Nature Publishing Group},
year = {2010},
volume = {42},
number = {4},
pages = {343--347},
month = mar
}

@article{Heng:2009em,
author = {Heng, Henry H Q and Bremer, Steven W and Stevens, Joshua B and Ye, Karen J and Liu, Guo and Ye, Christine J},
title = {{Genetic and epigenetic heterogeneity in cancer: A genome‐centric perspective}},
journal = {J. Cell. Physiol.},
year = {2009},
volume = {220},
number = {3},
pages = {538--547}
}

@article{Hill:2012bd,
author = {Hill, S M and Lu, Y and Molina, J and Heiser, L M and Spellman, P T and Speed, T P and Gray, J W and Mills, G B and Mukherjee, S},
title = {{Bayesian Inference of Signaling Network Topology in a Cancer Cell Line}},
journal = {Bioinformatics},
year = {2012},
volume = {28},
number = {21},
pages = {2804--2810},
month = oct
}

@unpublished{Hill:2011vr,
author = {Hill, Steven M.},
title = {{Integrating biological knowledge into variable selection: an empirical Bayes approach with an application in cancer biology}},
month = jan,
year = {2011}
}

@article{Hirsch:2009bu,
author = {Hirsch, H A and Iliopoulos, D and Tsichlis, P N and Struhl, K},
title = {{Metformin Selectively Targets Cancer Stem Cells, and Acts Together with Chemotherapy to Block Tumor Growth and Prolong Remission}},
journal = {Cancer Research},
year = {2009},
volume = {69},
number = {19},
pages = {7507--7511},
month = oct
}

@article{Hirsch:2010ec,
author = {Hirsch, Heather A and Iliopoulos, Dimitrios and Joshi, Amita and Zhang, Yong and Jaeger, Savina A and Bulyk, Martha and Tsichlis, Philip N and Liu, X Shirley and Struhl, Kevin},
title = {{A Transcriptional Signature and Common Gene Networks Link Cancer with Lipid Metabolism and Diverse Human Diseases}},
journal = {Cancer Cell},
year = {2010},
volume = {17},
number = {4},
pages = {348--361},
month = apr
}

@article{Hoffman:2012gn,
author = {Hoffman, Michael M and Buske, Orion J and Wang, Jie and Weng, Zhiping and Bilmes, Jeff A and Noble, William Stafford},
title = {{Unsupervised pattern discovery in human chromatin structure through genomic segmentation}},
journal = {Nat Meth},
year = {2012},
volume = {9},
number = {5},
pages = {473--476}
}

@article{Holloway:2002hr,
author = {Holloway, Andrew J and van Laar, Ryan K and Tothill, Richard W and Bowtell, David D L},
title = {{Options available---from start to finish---for obtaining data from DNA microarrays II}},
journal = {Nat Genet},
year = {2002},
volume = {32},
number = {Supp},
pages = {481--489},
month = dec
}

@article{Honkela:2010ix,
author = {Honkela, A and Girardot, C and Gustafson, E H and Liu, Y H and Furlong, E E M and Lawrence, N D and Rattray, M},
title = {{Model-based method for transcription factor target identification with limited data}},
journal = {Proceedings of the National Academy of Sciences},
year = {2010},
volume = {107},
number = {17},
pages = {7793--7798},
month = apr
}

@article{Huang:2009es,
author = {Huang, Albert C and Hu, Limei and Kauffman, Stuart A and Zhang, Wei and Shmulevich, Ilya},
title = {{Using cell fate attractors to uncover transcriptional regulation of HL60 neutrophil differentiation}},
journal = {BMC Syst Biol},
year = {2009},
volume = {3},
number = {1},
pages = {20}
}

@article{Huang:2009it,
author = {Huang, Jun and Gong, Zihua and Ghosal, Gargi and Chen, Junjie},
title = {{SOSS Complexes Participate in the Maintenance of Genomic Stability}},
journal = {Molecular Cell},
year = {2009},
volume = {35},
number = {3},
pages = {384--393},
month = aug
}

@article{Huang:2009cb,
author = {Huang, Sui},
title = {{Reprogramming cell fates: reconciling rarity with robustness}},
journal = {BioEssays},
year = {2009},
volume = {31},
number = {5},
pages = {546--560},
month = may
}

@article{Huang:2005fv,
author = {Huang, Sui and Eichler, Gabriel and Bar-Yam, Yaneer and Ingber, Donald E},
title = {{Cell Fates as High-Dimensional Attractor States of a Complex Gene Regulatory Network}},
journal = {Phys. Rev. Lett.},
year = {2004},
volume = {94},
number = {12},
pages = {128701},
month = dec
}

@article{Huangfu:2008jm,
author = {Huangfu, Danwei and Osafune, Kenji and Maehr, Ren{\'e} and Guo, Wenjun and Eijkelenboom, Astrid and Chen, Shuibing and Muhlestein, Whitney and Melton, Douglas A},
title = {{Induction of pluripotent stem cells from primary human fibroblasts with only Oct4 and Sox2}},
year = {2008},
volume = {26},
number = {11},
pages = {1269--1275},
month = oct
}

@article{Hunter:1986td,
author = {Hunter, J Stuart},
title = {{The exponentially weighted moving average.}},
journal = {J. QUALITY TECHNOL.},
year = {1986},
volume = {18},
number = {4},
pages = {203--210}
}

@article{Hurvich:1989to,
author = {Hurvich, Clifford M and Tsai, Chih-Ling},
title = {{Regression and time series model selection in small samples}},
journal = {Biometrika},
year = {1989},
volume = {76},
number = {2},
pages = {297--307}
}

@article{Hussein:2011cz,
author = {Hussein, Samer M and Batada, Nizar N and Vuoristo, Sanna and Ching, Reagan W and Autio, Reija and N{\"a}rv{\"a}, Elisa and Ng, Siemon and Sourour, Michel and H{\"a}m{\"a}l{\"a}inen, Riikka and Olsson, Cia and Lundin, Karolina and Mikkola, Milla and Trokovic, Ras and Peitz, Michael and Br{\"u}stle, Oliver and Bazett-Jones, David P and Alitalo, Kari and Lahesmaa, Riitta and Nagy, Andras and Otonkoski, Timo},
title = {{Copy number variation and selection during reprogramming to pluripotency}},
journal = {Nature},
year = {2011},
volume = {470},
number = {7336},
pages = {58--62},
month = feb
}

@article{Hyde:2012hi,
author = {Hyde, Robert A and Strowbridge, Ben W},
title = {{Mnemonic representations of transient stimuli and temporal sequences in the rodent hippocampus in vitro}},
journal = {Nature Publishing Group},
year = {2012},
pages = {--},
month = sep
}

@article{Ideker:2011cu,
author = {Ideker, Trey and Dutkowski, Janusz and Hood, Leroy},
title = {{Boosting Signal-to-Noise in Complex Biology: Prior Knowledge Is Power}},
journal = {Cell},
year = {2011},
volume = {144},
number = {6},
pages = {860--863},
month = mar
}

@article{Illich:2011ie,
author = {Illich, Damir J and Demir, Necati and Stojkovi{\'c}, Miodrag and Scheer, Martin and Rothamel, Daniel and Neugebauer, J{\"o}rg and Hescheler, J{\"u}rgen and Z{\"o}ller, Joachim E},
title = {{Concise Review: Induced Pluripotent Stem Cells and Lineage Reprogramming: Prospects for Bone Regeneration}},
journal = {STEM CELLS},
year = {2011},
volume = {29},
number = {4},
pages = {555--563},
month = apr
}

@article{Irby:2000gl,
author = {Irby, R B and Yeatman, T J},
title = {{Role of Src expression and activation in human cancer.}},
journal = {Oncogene},
year = {2000},
volume = {19},
number = {49},
pages = {5636}
}

@article{Irizarry:2009fv,
author = {Irizarry, R A and Chi Wang and Yun Zhou and Speed, T P},
title = {{Gene set enrichment analysis made simple}},
journal = {Statistical Methods in Medical Research},
year = {2009},
volume = {18},
number = {6},
pages = {565--575},
month = dec
}

@article{Ito:1992vc,
author = {Ito, H. and Amari, S.I. and Kobayashi, K.},
title = {{Identifiability of hidden Markov information sources and their minimum degrees of freedom}},
journal = {Information Theory, IEEE Transactions on},
year = {2004},
volume = {38},
number = {2},
pages = {324--333},
month = apr
}

@article{Jaenisch:2008cz,
author = {Jaenisch, Rudolf and Young, Richard},
title = {{Stem Cells, the Molecular Circuitry of Pluripotency and Nuclear Reprogramming}},
journal = {Cell},
year = {2008},
volume = {132},
number = {4},
pages = {567--582},
month = feb
}

@article{Jaschek:2009vd,
author = {Jaschek, R and Tanay, A},
title = {{Spatial clustering of multivariate genomic and epigenomic information}},
year = {2009},
pages = {170--183}
}

@article{Jaskelioff:2010bo,
author = {Jaskelioff, Mariela and Muller, Florian L and Paik, Ji-Hye and Thomas, Emily and Jiang, Shan and Adams, Andrew C and Sahin, Ergun and Kost-Alimova, Maria and Protopopov, Alexei and Cadi{\~n}anos, Juan and Horner, James W and Maratos-Flier, Eleftheria and DePinho, Ronald A},
title = {{Telomerase reactivation reverses tissue degeneration in aged telomerase-deficient mice}},
journal = {Nature},
year = {2010},
volume = {469},
number = {7328},
pages = {102--106},
month = dec
}

@article{Jia:2009gp,
author = {Jia, Li and Landan, Gilad and Pomerantz, Mark and Jaschek, Rami and Herman, Paula and Reich, David and Yan, Chunli and Khalid, Omar and Kantoff, Phil and Oh, William and Manak, J Robert and Berman, Benjamin P and Henderson, Brian E and Frenkel, Baruch and Haiman, Christopher A and Freedman, Matthew and Tanay, Amos and Coetzee, Gerhard A},
title = {{Functional Enhancers at the Gene-Poor 8q24 Cancer-Linked Locus}},
journal = {PLoS Genet},
year = {2009},
volume = {5},
number = {8},
pages = {e1000597},
month = aug
}

@article{Jilkine:2011bu,
author = {Jilkine, Alexandra and Angenent, Sigurd B and Wu, Lani F and Altschuler, Steven J},
title = {{A Density-Dependent Switch Drives Stochastic Clustering and Polarization of Signaling Molecules}},
journal = {PLoS Comput Biol},
year = {2011},
volume = {7},
number = {11},
pages = {e1002271},
month = nov
}

@article{Johnson:1949uq,
author = {Johnson, N L},
title = {{Systems of Frequency Curves Generated by Methods of Translation}},
journal = {Biometrika},
year = {1949},
volume = {36},
number = {1/2},
pages = {149--176},
month = jan
}

@article{deJonge:2007fa,
author = {de Jonge, Hendrik J M and Fehrmann, Rudolf S N and de Bont, Eveline S J M and Hofstra, Robert M W and Gerbens, Frans and Kamps, Willem A and de Vries, Elisabeth G E and van der Zee, Ate G J and te Meerman, Gerard J and ter Elst, Arja},
title = {{Evidence Based Selection of Housekeeping Genes}},
journal = {PLoS ONE},
year = {2007},
volume = {2},
number = {9},
pages = {e898},
month = sep
}

@article{Josic:2011bd,
author = {Josi{\'c}, Kre{\v s}imir and L{\'o}pez, Jos{\'e} Manuel and Ott, William and Shiau, LieJune and Bennett, Matthew R},
title = {{Stochastic Delay Accelerates Signaling in Gene Networks}},
journal = {PLoS Comput Biol},
year = {2011},
volume = {7},
number = {11},
pages = {e1002264},
month = nov
}

@article{Jullien:2011ks,
author = {Jullien, Jerome and Pasque, Vincent and Halley-Stott, Richard P and Miyamoto, Kei and Gurdon, J B},
title = {{Mechanisms of nuclear reprogramming by eggs and oocytes: a deterministic process?}},
journal = {Nature Publishing Group},
year = {2011},
volume = {12},
number = {7},
pages = {453--459},
month = jun,
annote = {Redefine stochasticy as different possible stages in reprogramming rather than stochasticity in the process}
}

@article{Kaern:2005gr,
author = {K{\ae}rn, Mads and Elston, Timothy C and Blake, William J and Collins, James J},
title = {{Stochasticity in gene expression: from theories to phenotypes}},
journal = {Nat Rev Genet},
year = {2005},
volume = {6},
number = {6},
pages = {451--464},
month = may
}

@article{Kalaitzis:2011kx,
author = {Kalaitzis, Alfredo A and Lawrence, Neil D},
title = {{A Simple Approach to Ranking Differentially Expressed Gene Expression Time Courses through Gaussian Process Regression}},
journal = {BMC Bioinformatics},
year = {2011},
volume = {12},
number = {1},
pages = {180}
}

@article{Kalbfleisch:1984wz,
author = {Kalbfleisch, J.D. and Lawless, J.F.},
title = {{Least-squares estimation of transition probabilities from aggregate data}},
journal = {Canadian Journal of Statistics},
year = {1984},
volume = {12},
pages = {169--182}
}

@article{Kalbfleisch:1985tw,
author = {Kalbfleisch, JD and Lawless, J.F.},
title = {{The analysis of panel data under a Markov assumption}},
journal = {Journal of the American Statistical Association},
year = {1985},
volume = {80},
pages = {863--871}
}

@article{Kalbfleisch:1983vd,
author = {Kalbfleisch, John David and Lawless, Jerald Franklin and Vollmer, William M},
title = {{Estimation in Markov models from aggregate data}},
journal = {Biometrics},
year = {1983},
pages = {907--919}
}

@article{Kalluri:2009ea,
author = {Kalluri, Raghu},
title = {{EMT: When epithelial cells decide to become mesenchymal-like cells}},
journal = {J. Clin. Invest.},
year = {2009},
volume = {119},
number = {6},
pages = {1417--1419},
month = jun
}

@article{Kalluri:2009bk,
author = {Kalluri, Raghu and Weinberg, Robert A},
title = {{The basics of epithelial-mesenchymal transition}},
journal = {J. Clin. Invest.},
year = {2009},
volume = {119},
number = {6},
pages = {1420--1428},
month = jun
}

@article{Kang:2010cw,
author = {Kang, Lan and Kou, Zhaohui and Zhang, Yu and Gao, Shaorong},
title = {{Induced pluripotent stem cells (iPSCs){\^a}€''a new era of reprogramming}},
journal = {Journal of Genetics and Genomics},
year = {2010},
volume = {37},
number = {7},
pages = {415--421},
month = jul
}

@article{Karamboulas:2012ej,
author = {Karamboulas, C and Ailles, L},
title = {{Developmental Signaling Pathways in Cancer Stem Cells of Solid Tumors}},
journal = {Biochimica et Biophysica Acta (BBA)-General {\ldots}},
year = {2012}
}

@article{Karr:2012bh,
author = {Karr, Jonathan R and Sanghvi, Jayodita C and Macklin, Derek N and Gutschow, Miriam V and Jacobs, Jared M and Bolival Jr., Benjamin and Assad-Garcia, Nacyra and Glass, John I and Covert, Markus W},
title = {{A Whole-Cell Computational Model Predicts Phenotype from Genotype}},
journal = {Cell},
year = {2012},
volume = {150},
number = {2},
pages = {389--401},
month = jul
}

@article{Karzbrun:2011bw,
author = {Karzbrun, Eyal and Shin, Jonghyeon and Bar-Ziv, Roy H and Noireaux, Vincent},
title = {{Coarse-Grained Dynamics of Protein Synthesis in a Cell-Free System}},
journal = {Phys. Rev. Lett.},
year = {2011},
volume = {106},
number = {4},
pages = {048104},
month = jan
}

@article{Kay:1986tr,
author = {Kay, R.},
title = {{A Markov model for analysing cancer markers and disease states in survival studies}},
journal = {Biometrics},
year = {2010},
volume = {42},
number = {4},
pages = {855--865},
month = may
}

@article{Kelton:1984tq,
author = {Kelton, W.D. and Kelton, C.M.L.},
title = {{Hypothesis Tests for Markov Proces Models Estimated from Aggregate Frequency Data}},
journal = {Journal of the American Statistical Association},
year = {2008},
volume = {79},
pages = {922--928},
month = may
}

@article{Kendall:1948wj,
author = {Kendall, D.G.},
title = {{On the generalized" birth-and-death" process}},
journal = {The Annals of Mathematical Statistics},
year = {2008},
volume = {19},
pages = {1--15},
month = may
}

@article{Keshamouni:2009kz,
author = {Keshamouni, Venkateshwar G and Jagtap, Pratik and Michailidis, George and Strahler, John R and Kuick, Rork and Reka, Ajaya Kumar and Papoulias, Panagiotis and Krishnapuram, Rashmi and Srirangam, Anjaiah and Standiford, Theodore J and Andrews, Philip C and Omenn, Gilbert S},
title = {{Temporal Quantitative Proteomics by iTRAQ 2D-LC-MS/MS and Corresponding mRNA Expression Analysis Identify Post-Transcriptional Modulation of Actin-Cytoskeleton Regulators During TGF-β-Induced Epithelial-Mesenchymal Transition}},
journal = {J. Proteome Res.},
year = {2009},
volume = {8},
number = {1},
pages = {35--47},
month = jan
}

@article{Kharchenko:2010ev,
author = {Kharchenko, Peter V and Alekseyenko, Artyom A and Schwartz, Yuri B and Minoda, Aki and Riddle, Nicole C and Ernst, Jason and Sabo, Peter J and Larschan, Erica and Gorchakov, Andrey A and Gu, Tingting and Linder-Basso, Daniela and Plachetka, Annette and Shanower, Gregory and Tolstorukov, Michael Y and Luquette, Lovelace J and Xi, Ruibin and Jung, Youngsook L and Park, Richard W and Bishop, Eric P and Canfield, Theresa K and Sandstrom, Richard and Thurman, Robert E and MacAlpine, David M and Stamatoyannopoulos, John A and Kellis, Manolis and Elgin, Sarah C R and Kuroda, Mitzi I and Pirrotta, Vincenzo and Karpen, Gary H and Park, Peter J},
title = {{Comprehensive analysis of the chromatin landscape in Drosophila melanogaster}},
journal = {Nature Publishing Group},
year = {2010},
volume = {471},
number = {7339},
pages = {480--485},
month = dec
}

@article{Khasin:2011dx,
author = {Khasin, M and Dykman, M I},
title = {{Control of rare events in reaction and population systems by deterministically imposed transitions}},
journal = {Phys. Rev. E},
year = {2011},
volume = {83},
number = {3},
pages = {031917},
month = mar
}

@article{Kilpinen:2013ht,
author = {Kilpinen, Helena and Barrett, Jeffrey C},
title = {{How next-generation sequencing is transforming complex disease genetics}},
journal = {Cell},
year = {2013},
volume = {29},
number = {1},
pages = {23--30},
month = jan
}

@article{Kim:kq,
author = {Kim, Jae Hun and Serra-Picamal, Xavier and Tambe, Dhananjay T and Zhou, Enhua H and Park, Chan Young and Sadati, Monirosadat and Park, Jin-Ah and Krishnan, Ramaswamy and Gweon, Bomi and Millet, Emil and Butler, James P and Trepat, Xavier and Fredberg, Jeffrey J},
title = {{Propulsion and navigation within the advancing monolayer sheet}},
journal = {Nat Mater},
volume = {advance online publication SP - EP -}
}

@article{Kim:2011ec,
author = {Kim, Kitai and Zhao, Rui and Doi, Akiko and Ng, Kitwa and Unternaehrer, Juli and Cahan, Patrick and Hongguang, Huo and Loh, Yuin-Han and Aryee, Martin J and Lensch, M William and Li, Hu and Collins, James J and Feinberg, Andrew P and Daley, George Q},
title = {{Donor cell type can influence the epigenome and differentiation potential of human induced pluripotent stem cells}},
year = {2011},
volume = {29},
number = {12},
pages = {1117--1119},
month = nov
}

@article{Kim:2011go,
author = {Kim, Kyung Hyuk and Sauro, Herbert M},
title = {{Measuring Retroactivity from Noise in Gene Regulatory Networks}},
journal = {Biophysj},
year = {2011},
volume = {100},
number = {5},
pages = {1167--1177},
month = mar
}

@article{Komorowski:2013ic,
author = {Komorowski, Micha{\l} and Mi{\k e}kisz, Jacek and Stumpf, Michael P H},
title = {{Decomposing Noise in Biochemical Signaling Systems Highlights the Role of Protein Degradation}},
journal = {Biophysj},
year = {2013},
volume = {104},
number = {8},
pages = {1783--1793},
month = apr
}

@article{Komurov:2010hk,
author = {Komurov, Kakajan and White, Michael A and Ram, Prahlad T},
title = {{Use of Data-Biased Random Walks on Graphs for the Retrieval of Context-Specific Networks from Genomic Data}},
journal = {PLoS Comput Biol},
year = {2010},
volume = {6},
number = {8},
pages = {e1000889},
month = aug
}

@article{Lagi:2011tp,
author = {Lagi, Marco and Bertrand, Karla Z and Bar-Yam, Yaneer},
title = {{The Food Crises and Political Instability in North Africa and the Middle East}},
journal = {arXiv},
year = {2011},
eprint = {1108.2455v1},
eprinttype = {arxiv},
eprintclass = {physics.soc-ph},
month = aug
}

@article{Lahdesmaki:2005fh,
author = {L{\"a}hdesm{\"a}ki, Harri and Shmulevich, llya and Dunmire, Valerie and Yli-Harja, Olli and Zhang, Wei},
title = {{In silico microdissection of microarray data from heterogeneous cell populations}},
journal = {BMC Bioinformatics},
year = {2005},
volume = {6},
number = {1},
pages = {54}
}

@article{Larschan:2011gp,
author = {Larschan, Erica and Bishop, Eric P and Kharchenko, Peter V and Core, Leighton J and Lis, John T and Park, Peter J and Kuroda, Mitzi I},
title = {{X chromosome dosage compensation via enhanced transcriptional elongation in Drosophila}},
journal = {Nature},
year = {2011},
volume = {470},
number = {7336},
pages = {115--118},
month = feb
}

@article{Lassig:2010uv,
author = {L{\"a}ssig, Michael and Berg, Johannes},
title = {{Significance analysis and statistical mechanics: an application to clustering}},
journal = {arXiv},
year = {2010},
eprint = {1009.2470v1},
eprinttype = {arxiv},
eprintclass = {q-bio.MN},
month = sep,
annote = {to appear in Phys. Rev. Lett}
}

@article{Lawless:1984wz,
author = {Lawless, J.F. and McLeish, D.L.},
title = {{The information in aggregate data from Markov chains}},
journal = {Biometrika},
year = {2005},
volume = {71},
number = {3},
pages = {419--430},
month = may
}

@article{Leake:2012fa,
author = {Leake, M C},
title = {{The Physics of Life: one molecule at a time}},
journal = {arXiv},
year = {2012},
eprint = {1211.4366v1},
eprinttype = {arxiv},
eprintclass = {physics.bio-ph},
month = nov
}

@article{Lee:2010kz,
author = {Lee, Ga-Young and Shim, Jae-Seung and Cho, Bin and Jung, Joo-Young and Lee, Dong-Soon and Oh, Il-Hoan},
title = {{Stochastic acquisition of a stem cell-like state and drug tolerance in leukemia cells stressed by radiation}},
journal = {Int J Hematol},
year = {2010},
volume = {93},
number = {1},
pages = {27--35},
month = dec
}

@article{Li:2012ea,
author = {Li, J and Witten, D M and Johnstone, I M and Tibshirani, R},
title = {{Normalization, testing, and false discovery rate estimation for RNA-sequencing data}},
journal = {Biostatistics},
year = {2012},
volume = {13},
number = {3},
pages = {523--538},
month = jun
}

@article{Li:2012dd,
author = {Li, Mo and Liu, Guang-Hui and Belmonte, Juan Carlos Izpis{\'u}a},
title = {{Navigating the epigenetic landscape of pluripotent stem cells}},
journal = {Nature Publishing Group},
year = {2012},
volume = {13},
number = {8},
pages = {524--535},
month = jul
}

@article{Li:2012ko,
author = {Li, Y and Laterra, J},
title = {{Cancer Stem Cells: Distinct Entities or Dynamically Regulated Phenotypes?}},
journal = {Cancer Research},
year = {2012},
volume = {72},
number = {3},
pages = {576--580},
month = jan
}

@article{Liang:2012bm,
author = {Liang, Kun and Kele{\c s}, S{\"u}nd{\"u}z},
title = {{Normalization of ChIP-seq data with control}},
journal = {BMC Bioinformatics},
year = {2012},
volume = {13},
number = {1},
pages = {199}
}

@article{Lister:2011kg,
author = {Lister, Ryan and Pelizzola, Mattia and Kida, Yasuyuki S and Hawkins, R David and Nery, Joseph R and Hon, Gary and Antosiewicz-Bourget, Jessica and O'Malley, Ronan and Castanon, Rosa and Klugman, Sarit and Downes, Michael and Yu, Ruth and Stewart, Ron and Ren, Bing and Thomson, James A and Evans, Ronald M and Ecker, Joseph R},
title = {{Hotspots of aberrant epigenomic reprogramming in human induced pluripotent stem cells}},
journal = {Nature},
year = {2011},
volume = {470},
number = {7336},
pages = {68--73},
month = feb
}

@article{Liu:2011bc,
author = {Liu, Tao and Ortiz, Jorge A and Taing, Len and Meyer, Clifford A and Lee, Bernett and Zhang, Yong and Shin, Hyunjin and Wong, Swee S and Ma, Jian and Lei, Ying and Pape, Utz J and Poidinger, Michael and Chen, Yiwen and Yeung, Kevin and Brown, Myles and Turpaz, Yaron and Liu, X Shirley},
title = {{Cistrome: an integrative platform for transcriptional regulation studies}},
journal = {Genome Biology},
year = {2011},
volume = {12},
number = {8},
pages = {R83},
month = aug
}

@article{Liu:2012gs,
author = {Liu, Te and Zou, Gang and Gao, Yongtao and Zhao, Xinrong and Wang, Hui and Huang, Qin and Jiang, Lizhen and Guo, Lihe and Cheng, Weiwei},
title = {{High efficiency of reprogramming CD34+ cells derived from human amniotic fluid into induced pluripotent stem cells with Oct4}},
journal = {Stem Cells and Development},
year = {2012},
volume = {21},
number = {ja},
pages = {2322--2332},
month = aug
}

@article{Loh:2006dv,
author = {Loh, Yuin-Han and Wu, Qiang and Chew, Joon-Lin and Vega, Vinsensius B and Zhang, Weiwei and Chen, Xi and Bourque, Guillaume and George, Joshy and Leong, Bernard and Liu, Jun and Wong, Kee-Yew and Sung, Ken W and Lee, Charlie W H and Zhao, Xiao-Dong and Chiu, Kuo-Ping and Lipovich, Leonard and Kuznetsov, Vladimir A and Robson, Paul and Stanton, Lawrence W and Wei, Chia-Lin and Ruan, Yijun and Lim, Bing and Ng, Huck-Hui},
title = {{The Oct4 and Nanog transcription network regulates pluripotency in mouse embryonic stem cells}},
journal = {Nat Genet},
year = {2006},
volume = {38},
number = {4},
pages = {431--440},
month = mar
}

@article{Losos:2013el,
author = {Losos, Jonathan B and Arnold, Stevan J and Bejerano, Gill and Brodie, III, E D and Hibbett, David and Hoekstra, Hopi E and Mindell, David P and Monteiro, Ant{\'o}nia and Moritz, Craig and Orr, H Allen and Petrov, Dmitri A and Renner, Susanne S and Ricklefs, Robert E and Soltis, Pamela S and Turner, Thomas L},
title = {{Evolutionary Biology for the 21st Century}},
journal = {PLoS Biol},
year = {2013},
volume = {11},
number = {1},
pages = {e1001466},
month = jan
}

@article{Loven:2012km,
author = {Lov{\'e}n, Jakob and Orlando, David A and Sigova, Alla A and Lin, Charles Y and Rahl, Peter B and Burge, Christopher B and Levens, David L and Lee, Tong Ihn and Young, Richard A},
title = {{Revisiting Global Gene Expression Analysis}},
journal = {Cell},
year = {2012},
volume = {151},
number = {3},
pages = {476--482},
month = oct
}

@article{Lu:2003bp,
author = {Lu, P and Nakorchevskiy, A and Marcotte, E M},
title = {{Expression deconvolution: a reinterpretation of DNA microarray data reveals dynamic changes in cell populations}},
journal = {Proceedings of the National Academy of Sciences of the United States of America},
year = {2003},
volume = {100},
number = {18},
pages = {10370--10375}
}

@article{Neff:2011ic,
author = {Lu, Rong and Neff, Norma F and Quake, Stephen R and Weissman, Irving L},
title = {{Tracking single hematopoietic stem cells in vivo using high-throughput sequencing in conjunction with viral genetic barcoding}},
journal = {Nat Biotechnol},
year = {2011},
volume = {29},
number = {10},
pages = {928--933},
month = oct
}

@article{Macfarlan:2012js,
author = {Macfarlan, Todd S and Gifford, Wesley D and Driscoll, Shawn and Lettieri, Karen and Rowe, Helen M and Bonanomi, Dario and Firth, Amy and Singer, Oded and Trono, Didier and Pfaff, Samuel L},
title = {{Embryonic stem cell potency fluctuates with endogenous retrovirus activity}},
journal = {Nature},
year = {2012},
volume = {487},
number = {7405},
pages = {57--63},
month = jun
}

@article{MacRae:1977va,
author = {MacRae, E.C.},
title = {{Estimation of time-varying Markov processes with aggregate data}},
journal = {Econometrica: journal of the Econometric Society},
year = {2007},
volume = {45},
pages = {183--198},
month = dec
}

@article{Madeira:2006wf,
author = {Madeira, S C and Oliveira, A L},
title = {{An Overview on Mixture and Hidden Markov Models of Gene Expression in Time Series}},
year = {2006},
eprint = {13236917374773238061related:LRmOXDj6srcJ},
eprinttype = {scholar}
}

@article{Mair:2011wg,
author = {Mair, W},
title = {{Doubling the Dose}},
journal = {PLoS Biol},
year = {2011},
pages = {1--2},
month = jan
}

@article{Marioni:2006bz,
author = {Marioni, J C and Thorne, N P and Tavare, S},
title = {{BioHMM: a heterogeneous hidden Markov model for segmenting array CGH data}},
journal = {Bioinformatics},
year = {2006},
volume = {22},
number = {9},
pages = {1144--1146},
month = apr
}

@article{Marioni:2008ur,
author = {Marioni, John C and Mason, Christopher E and Mane, Shrikant M and Stephens, Matthew and Gilad, Yoav},
title = {{RNA-seq: An assessment of technical reproducibility and comparison with gene expression arrays}},
journal = {Genome Research},
year = {2008},
volume = {18},
number = {9},
pages = {1509--1517},
month = jan
}

@article{MartinezFernandez:2011bm,
author = {Martinez-Fernandez, Almudena and Nelson, Timothy J and Terzic, Andre},
title = {{Nuclear Reprogramming Strategy Modulates Differentiation Potential of Induced Pluripotent Stem Cells}},
journal = {J. of Cardiovasc. Trans. Res.},
year = {2011},
volume = {4},
number = {2},
pages = {131--137},
month = jan
}

@article{DeMartino:2012um,
author = {De Martino, Andrea and Marinari, Enzo and Romualdi, Andrea},
title = {{Von Neumann's growth model: statistical mechanics and biological applications}},
journal = {arXiv},
year = {2012},
eprint = {1205.2769v1},
eprinttype = {arxiv},
eprintclass = {cond-mat.dis-nn},
month = may
}

@article{Mazumder:2011ui,
author = {Mazumder, Rahul and Hastie, Trevor},
title = {{The Graphical Lasso: New Insights and Alternatives}},
journal = {arXiv},
year = {2011},
eprint = {1111.5479v2},
eprinttype = {arxiv},
eprintclass = {stat.ML},
month = nov,
annote = {This is a revised version of our previous manuscript with the same
  name ArXiv id: http://arxiv.org/abs/1111.5479

}
}

@article{McCartan:2012df,
author = {McCartan, D and Bolger, J C and Fagan, A and Byrne, C and Hao, Y and Qin, L and McIlroy, M and Xu, J and Hill, A D and Gaora, P O and Young, L S},
title = {{Global Characterization of the SRC-1 Transcriptome Identifies ADAM22 as an ER-Independent Mediator of Endocrine-Resistant Breast Cancer}},
journal = {Cancer Research},
year = {2012},
volume = {72},
number = {1},
pages = {220--229},
month = jan
}

@article{McCarthy:2012wg,
author = {McCarthy, D J and Chen, Y and Smyth, G K},
title = {{Differential expression analysis of multifactor RNA-Seq experiments with respect to biological variation}},
journal = {Nucleic Acids Research},
year = {2012},
volume = {40},
number = {10},
pages = {4288--4297}
}

@article{McIlroy:2010cw,
author = {McIlroy, M and McCartan, D and Early, S and Gaora, P O and Pennington, S and Hill, A D K and Young, L S},
title = {{Interaction of Developmental Transcription Factor HOXC11 with Steroid Receptor Coactivator SRC-1 Mediates Resistance to Endocrine Therapy in Breast Cancer}},
journal = {Cancer Research},
year = {2010},
volume = {70},
number = {4},
pages = {1585--1594},
month = feb
}

@article{McKnight:1984vq,
author = {McKnight, B. and Crowley, J.},
title = {{Tests for differences in tumor incidence based on animal carcinogenesis experiments}},
journal = {Journal of the American Statistical Association},
year = {2010},
volume = {79},
pages = {639--648},
month = may
}

@article{McVean:2012co,
author = {McVean, Gil A and Altshuler Co-Chair, David M and Durbin Co-Chair, Richard M and Abecasis, Gon{\c c}alo R and Bentley, David R and Chakravarti, Aravinda and Clark, Andrew G and Donnelly, Peter and Eichler, Evan E and Flicek, Paul and Gabriel, Stacey B and Gibbs, Richard A and Green, Eric D and Hurles, Matthew E and Knoppers, Bartha M and Korbel, Jan O and Lander, Eric S and Lee, Charles and Lehrach, Hans and Mardis, Elaine R and Marth, Gabor T and McVean, Gil A and Nickerson, Deborah A and Schmidt, Jeanette P and Sherry, Stephen T and Wang, Jun and Wilson, Richard K and Gibbs Principal Investigator, Richard A and Dinh, Huyen and Kovar, Christie and Lee, Sandra and Lewis, Lora and Muzny, Donna and Reid, Jeff and Wang, Min and Wang Principal Investigator, Jun and Fang, Xiaodong and Guo, Xiaosen and Jian, Min and Jiang, Hui and Jin, Xin and Li, Guoqing and Li, Jingxiang and Li, Yingrui and Li, Zhuo and Liu, Xiao and Lu, Yao and Ma, Xuedi and Su, Zhe and Tai, Shuaishuai and Tang, Meifang and Wang, Bo and Wang, Guangbiao and Wu, Honglong and Wu, Renhua and Yin, Ye and Zhang, Wenwei and Zhao, Jiao and Zhao, Meiru and Zheng, Xiaole and Zhou, Yan and Lander Principal Investigator, Eric S and Altshuler, David M and Gabriel Co-Chair, Stacey B and Gupta, Namrata and Flicek Principal Investigator, Paul and Clarke, Laura and Leinonen, Rasko and Smith, Richard E and Zheng-Bradley, Xiangqun and Bentley Principal Investigator, David R and Grocock, Russell and Humphray, Sean and James, Terena and Kingsbury, Zoya and Lehrach Principal Investigator, Hans and Sudbrak Project Leader, Ralf and Albrecht, Marcus W and Amstislavskiy, Vyacheslav S and Borodina, Tatiana A and Lienhard, Matthias and Mertes, Florian and Sultan, Marc and Timmermann, Bernd and Yaspo, Marie-Laure and Sherry Principal Investigator, Stephen T and McVean Principal Investigator, Gil A and Mardis Co-Principal Investigator Co-Chair, Elaine R and Wilson Co-Principal Investigator, Richard K and Fulton, Lucinda and Fulton, Robert and Weinstock, George M and Durbin Principal Investigator, Richard M and Balasubramaniam, Senduran and Burton, John and Danecek, Petr and Keane, Thomas M and Kolb-Kokocinski, Anja and McCarthy, Shane and Stalker, James and Quail, Michael and Schmidt Principal Investigator, Jeanette P and Davies, Christopher J and Gollub, Jeremy and Webster, Teresa and Wong, Brant and Zhan, Yiping and Auton Principal Investigator, Adam and Gibbs Principal Investigator, Richard A and Yu Project Leader, Fuli and Bainbridge, Matthew and Challis, Danny and Evani, Uday S and Lu, James and Muzny, Donna and Nagaswamy, Uma and Reid, Jeff and Sabo, Aniko and Wang, Yi and Yu, Jin and Wang Principal Investigator, Jun and Coin, Lachlan J M and Fang, Lin and Guo, Xiaosen and Jin, Xin and Li, Guoqing and Li, Qibin and Li, Yingrui and Li, Zhenyu and Lin, Haoxiang and Liu, Binghang and Luo, Ruibang and Qin, Nan and Shao, Haojing and Wang, Bingqiang and Xie, Yinlong and Ye, Chen and Yu, Chang and Zhang, Fan and Zheng, Hancheng and Zhu, Hongmei and Marth Principal Investigator, Gabor T and Garrison, Erik P and Kural, Deniz and Lee, Wan-Ping and Fung Leong, Wen and Ward, Alistair N and Wu, Jiantao and Zhang, Mengyao and Lee Principal Investigator, Charles and Griffin, Lauren and Hsieh, Chih-Heng and Mills, Ryan E and Shi, Xinghua and von Grotthuss, Marcin and Zhang, Chengsheng and Daly Principal Investigator, Mark J and DePristo Project Leader, Mark A and Altshuler, David M and Banks, Eric and Bhatia, Gaurav and Carneiro, Mauricio O and del Angel, Guillermo and Gabriel, Stacey B and Genovese, Giulio and Gupta, Namrata and Handsaker, Robert E and Hartl, Chris and Lander, Eric S and McCarroll, Steven A and Nemesh, James C and Poplin, Ryan E and Schaffner, Stephen F and Shakir, Khalid and Yoon Principal Investigator, Seungtai C and Lihm, Jayon and Makarov, Vladimir and Jin Principal Investigator, Hanjun and Kim, Wook and Cheol Kim, Ki and Korbel Principal Investigator, Jan O and Rausch, Tobias and Flicek Principal Investigator, Paul and Beal, Kathryn and Clarke, Laura and Cunningham, Fiona and Herrero, Javier and McLaren, William M and Ritchie, Graham R S and Smith, Richard E and Zheng-Bradley, Xiangqun and Clark Principal Investigator, Andrew G and Gottipati, Srikanth and Keinan, Alon and Rodriguez-Flores, Juan L and Sabeti Principal Investigator, Pardis C and Grossman, Sharon R and Tabrizi, Shervin and Tariyal, Ridhi and Cooper Principal Investigator, David N and Ball, Edward V and Stenson, Peter D and Bentley Principal Investigator, David R and Barnes, Bret and Bauer, Markus and Keira Cheetham, R and Cox, Tony and Eberle, Michael and Humphray, Sean and Kahn, Scott and Murray, Lisa and Peden, John and Shaw, Richard and Ye Principa...},
title = {{An integrated map of genetic variation from 1,092 human genomes}},
journal = {Nature},
year = {2012},
volume = {491},
number = {7422},
pages = {56--65},
month = oct
}

@article{Meissner:2011hy,
author = {Meissner, Alexander},
title = {{Guiding DNA Methylation}},
journal = {Stem Cell},
year = {2011},
volume = {9},
number = {5},
pages = {388--390},
month = nov
}

@article{Metzker:2009uu,
author = {Metzker, M L},
title = {{Sequencing technologies---the next generation}},
journal = {Nat Rev Genet},
year = {2009},
volume = {11},
number = {1},
pages = {31--46}
}

@article{Michaut:2012fh,
author = {Michaut, Magali and Bader, Gary D},
title = {{Multiple Genetic Interaction Experiments Provide Complementary Information Useful for Gene Function Prediction}},
journal = {PLoS Comput Biol},
year = {2012},
volume = {8},
number = {6},
pages = {e1002559},
month = jun
}

@article{Mikkelsen:2008it,
author = {Mikkelsen, Tarjei S and Hanna, Jacob and Zhang, Xiaolan and Ku, Manching and Wernig, Marius and Schorderet, Patrick and Bernstein, Bradley E and Jaenisch, Rudolf and Lander, Eric S and Meissner, Alexander},
title = {{Dissecting direct reprogramming through integrative genomic analysis}},
journal = {Nature},
year = {2008},
volume = {454},
number = {7200},
pages = {49--55},
month = may
}

@article{Minton:2001dp,
author = {Minton, A P},
title = {{The Influence of Macromolecular Crowding and Macromolecular Confinement on Biochemical Reactions in Physiological Media}},
journal = {Journal of Biological Chemistry},
year = {2001},
volume = {276},
number = {14},
pages = {10577--10580},
month = feb
}

@article{Mitsui:2003vq,
author = {Mitsui, Kaoru and Tokuzawa, Yoshimi and Itoh, Hiroaki and Segawa, Kohichi and Murakami, Mirei and Takahashi, Kazutoshi and Maruyama, Masayoshi and Maeda, Mitsuyo and Yamanaka, Shinya},
title = {{The homeoprotein Nanog is required for maintenance of pluripotency in mouse epiblast and ES cells}},
journal = {Cell},
year = {2003},
volume = {113},
number = {5},
pages = {631--642}
}

@article{Miyoshi:2011ht,
author = {Miyoshi, Norikatsu and Ishii, Hideshi and Nagano, Hiroaki and Haraguchi, Naotsugu and Dewi, Dyah Laksmi and Kano, Yoshihiro and Nishikawa, Shinpei and Tanemura, Masahiro and Mimori, Koshi and Tanaka, Fumiaki and Saito, Toshiyuki and Nishimura, Junichi and Takemasa, Ichiro and Mizushima, Tsunekazu and Ikeda, Masataka and Yamamoto, Hirofumi and Sekimoto, Mitsugu and Doki, Yuichiro and Mori, Masaki},
title = {{Reprogramming of Mouse and Human Cells to Pluripotency Using Mature MicroRNAs}},
journal = {Stem Cell},
year = {2011},
pages = {1--6},
month = may
}

@article{Moignard:2013ka,
author = {Moignard, Victoria and Macaulay, Iain C and Swiers, Gemma and Buettner, Florian and Sch{\"u}tte, Judith and Calero-Nieto, Fernando J and Kinston, Sarah and Joshi, Anagha and Hannah, Rebecca and Theis, Fabian J and Jacobsen, Sten Eirik and de Bruijn, Marella F and G{\"o}ttgens, Berthold},
title = {{Characterization of transcriptional networks in blood stem and progenitor cells using high-throughput single-cell gene expression analysis}},
journal = {Nature Publishing Group},
year = {2013},
volume = {15},
number = {4},
pages = {363--372},
month = mar
}

@article{Mold:2010di,
author = {Mold, J E and Venkatasubrahmanyam, S and Burt, T D and Michaelsson, J and Rivera, J M and Galkina, S A and Weinberg, K and Stoddart, C A and McCune, J M},
title = {{Fetal and Adult Hematopoietic Stem Cells Give Rise to Distinct T Cell Lineages in Humans}},
journal = {Science},
year = {2010},
volume = {330},
number = {6011},
pages = {1695--1699},
month = dec
}

@article{Morozova:2009gz,
author = {Morozova, Olena and Hirst, Martin and Marra, Marco A},
title = {{Applications of New Sequencing Technologies for Transcriptome Analysis}},
journal = {Annu. Rev. Genom. Human Genet.},
year = {2009},
volume = {10},
number = {1},
pages = {135--151},
month = sep
}

@book{Mullin:2011cf,
author = {Mullin, Nicholas and Chambers, Ian},
editor = {Ainscough, Justin and Yamanaka, Shinya and Tada, Takashi},
title = {{The Function of Nanog in Pluripotency}},
publisher = {Humana Press},
year = {2011},
address = {Totowa, NJ},
month = jul
}

@article{Murtaugh:2011ju,
author = {Murtaugh, L Charles},
title = {{Stem Cells and {\&}beta; Cells: The Same, but Different?}},
journal = {Stem Cell},
year = {2011},
volume = {8},
number = {3},
pages = {244--245},
month = mar
}

@article{Navin:2011gp,
author = {Navin, Nicholas and Kendall, Jude and Troge, Jennifer and Andrews, Peter and Rodgers, Linda and McIndoo, Jeanne and Cook, Kerry and Stepansky, Asya and Levy, Dan and Esposito, Diane and Muthuswamy, Lakshmi and Krasnitz, Alex and McCombie, W Richard and Hicks, James and Wigler, Michael},
title = {{Tumour evolution inferred by single-cell sequencing}},
journal = {Nature},
year = {2011},
volume = {472},
number = {7341},
pages = {90--94},
month = mar
}

@article{Neal:1998un,
author = {Neal, R M and Hinton, G E},
title = {{A view of the EM algorithm that justifies incremental, sparse, and other variants}},
journal = {NATO ASI SERIES D BEHAVIOURAL AND SOCIAL SCIENCES},
year = {1998},
volume = {89},
pages = {355--370}
}

@article{Nekrutenko:2012ii,
author = {Nekrutenko, Anton and Taylor, James},
title = {{Next-generation sequencing data interpretation: enhancing reproducibility and accessibility}},
journal = {Nature Publishing Group},
year = {2012},
volume = {13},
number = {9},
pages = {667--672},
month = aug,
annote = {Suggests that a general and interdesciplinary approach is needed for sustainable and useful analysis of NGS data}
}

@article{Nemajerova:2012cp,
author = {Nemajerova, A and Kim, S Y and Petrenko, O and Moll, U M},
title = {{Two-factor reprogramming of somatic cells to pluripotent stem cells reveals partial functional redundancy of Sox2 and Klf4}},
journal = {Cell Death and Differentiation},
year = {2012},
pages = {1--9},
month = apr
}

@article{Neph:2012iy,
author = {Neph, Shane and Stergachis, Andrew B and Reynolds, Alex and Sandstrom, Richard and Borenstein, Elhanan and Stamatoyannopoulos, John A},
title = {{Circuitry and Dynamics of Human Transcription Factor Regulatory Networks}},
journal = {Cell},
year = {2012},
volume = {150},
number = {6},
pages = {1274--1286},
month = sep,
annote = {DNasel enzyme
degrades doublestranded DNA ("selectively?")

only 5% of TF networks agree between 41 cell lines}
}

@article{Neve:2006bb,
author = {Neve, Richard M and Chin, Koei and Fridlyand, Jane and Yeh, Jennifer and Baehner, Frederick L and Fevr, Tea and Clark, Laura and Bayani, Nora and Coppe, Jean-Philippe and Tong, Frances and Speed, Terry and Spellman, Paul T and DeVries, Sandy and Lapuk, Anna and Wang, Nick J and Kuo, Wen-Lin and Stilwell, Jackie L and Pinkel, Daniel and Albertson, Donna G and Waldman, Frederic M and McCormick, Frank and Dickson, Robert B and Johnson, Michael D and Lippman, Marc and Ethier, Stephen and Gazdar, Adi and Gray, Joe W},
title = {{A collection of breast cancer cell lines for the study of functionally distinct cancer subtypes}},
journal = {Cancer Cell},
year = {2006},
volume = {10},
number = {6},
pages = {515--527},
month = dec
}

@article{Newman:2006ff,
author = {Newman, John R S and Ghaemmaghami, Sina and Ihmels, Jan and Breslow, David K and Noble, Matthew and DeRisi, Joseph L and Weissman, Jonathan S},
title = {{Single-cell proteomic analysis of S. cerevisiae reveals the architecture of biological noise}},
journal = {Nature},
year = {2006},
volume = {441},
number = {7095},
pages = {840--846},
month = may
}

@article{Niibe:2011ck,
author = {Niibe, Kunimichi and Kawamura, Yoshimi and Araki, Daisuke and Morikawa, Satoru and Miura, Kyoko and Suzuki, Sadafumi and Shimmura, Shigeto and Sunabori, Takehiko and Mabuchi, Yo and Nagai, Yasuo and Nakagawa, Taneaki and Okano, Hideyuki and Matsuzaki, Yumi},
title = {{Purified Mesenchymal Stem Cells Are an Efficient Source for iPS Cell Induction}},
journal = {PLoS ONE},
year = {2011},
volume = {6},
number = {3},
pages = {e17610},
month = mar
}

@article{Nishino:2011iv,
author = {Nishino, Koichiro and Toyoda, Masashi and Yamazaki-Inoue, Mayu and Fukawatase, Yoshihiro and Chikazawa, Emi and Sakaguchi, Hironari and Akutsu, Hidenori and Umezawa, Akihiro},
title = {{DNA Methylation Dynamics in Human Induced Pluripotent Stem Cells over Time}},
journal = {PLoS Genet},
year = {2011},
volume = {7},
number = {5},
pages = {e1002085},
month = may
}

@article{Noble:2009cp,
author = {Noble, William Stafford},
title = {{A Quick Guide to Organizing Computational Biology Projects}},
journal = {PLoS Comput Biol},
year = {2009},
volume = {5},
number = {7},
pages = {e1000424},
month = jul
}

@article{Nomura:2012hn,
author = {Nomura, Yoshiaki and Ishikawa, Misao and Yashiro, Yuichi and Sanggarnjanavanich, Seetala and Yamaguchi, Takao and Arai, Chihiro and Noda, Koji and Takano, Yoshiro and Nakamura, Yoshiki and Hanada, Nobuhiro},
title = {{Human periodontal ligament fibroblasts are the optimal cell source for induced pluripotent stem cells}},
journal = {Histochem Cell Biol},
year = {2012},
volume = {137},
number = {6},
pages = {719--732},
month = feb
}

@article{Novoselov:2011gq,
author = {Novoselov, K S},
title = {{Nobel Lecture: Graphene: Materials in the Flatland}},
journal = {Rev. Mod. Phys.},
year = {2011},
volume = {83},
number = {3},
pages = {837--849},
month = aug
}

@article{Nussinov:2012hr,
author = {Nussinov, Ruth},
title = {{A Future Vision for PLOS Computational Biology}},
journal = {PLoS Comput Biol},
year = {2012},
volume = {8},
number = {10},
pages = {e1002727},
month = oct
}

@article{OHagan:1987wo,
author = {O'Hagan, A.},
title = {{Monte Carlo is fundamentally unsound}},
journal = {Journal of the Royal Statistical Society. Series D (The Statistician)},
year = {2009},
volume = {36},
number = {2/3},
pages = {247--249},
month = jan
}

@article{Ohgushi:2011em,
author = {Ohgushi, Masatoshi and Sasai, Yoshiki},
title = {{Lonely death dance of human pluripotent stem cells: ROCKing between metastable cell states}},
journal = {Trends in Cell Biology},
year = {2011},
volume = {21},
number = {5},
pages = {274--282},
month = may
}

@article{Oreshkov:2012jc,
author = {Oreshkov, Ognyan and Costa, Fabio and Brukner, {\v C}aslav},
title = {{Quantum correlations with no causal order}},
journal = {Nature Communications},
year = {2012},
volume = {3},
pages = {1092--},
month = oct
}

@article{Orlando:2007bw,
author = {Orlando, David and Lin, Charles Y and Bernard, Allister and Iversen, Edwin S and Hartemink, Alexander J and Haase, Steven B},
title = {{A Probabilistic Model for Cell Cycle Distributions in Synchrony Experiments}},
journal = {Cell Cycle},
year = {2007},
volume = {6},
number = {4},
pages = {478--488},
month = feb
}

@article{Oshlack:2010kr,
author = {Oshlack, Alicia and Robinson, Mark D and Young, Matthew D},
title = {{From RNA-seq reads to differential expression results}},
journal = {Genome Biology},
year = {2010},
volume = {11},
number = {12},
pages = {1--10},
month = dec
}

@article{Oshlack:2009kg,
author = {Oshlack, Alicia and Wakefield, Matthew J},
title = {{Transcript length bias in RNA-seq data confounds systems biology}},
journal = {Biol Direct},
year = {2009},
volume = {4},
number = {1},
pages = {14}
}

@article{Osmanbeyoglu:2012kl,
author = {Osmanbeyoglu, Hatice Ulku and Hartmaier, Ryan J and Oesterreich, Steffi and Lu, Xinghua},
title = {{Improving ChIP-seq peak-calling for functional co-regulator binding by integrating multiple sources of biological information}},
journal = {BMC Genomics},
year = {2012},
volume = {13},
number = {Suppl 1},
pages = {S1},
month = jan
}

@article{Ouzounis:2012ca,
author = {Ouzounis, Christos A},
title = {{Rise and Demise of Bioinformatics? Promise and Progress}},
journal = {PLoS Comput Biol},
year = {2012},
volume = {8},
number = {4},
pages = {e1002487},
month = apr
}

@article{Oxborrow:2012dd,
author = {Oxborrow, Mark and Breeze, Jonathan D and Alford, Neil M},
title = {{Room-temperature solid-state maser}},
journal = {Nature},
year = {2012},
volume = {488},
number = {7411},
pages = {353--356},
month = aug
}

@article{Ozbudak:2002uq,
author = {Ozbudak, E.M. and Thattai, M. and Kurtser, I. and Grossman, A.D. and van Oudenaarden, A.},
title = {{Regulation of noise in the expression of a single gene}},
journal = {Nat Genet},
year = {2002},
volume = {31},
number = {1},
pages = {69--73}
}

@article{Paige:2012gu,
author = {Paige, Sharon L and Thomas, Sean and Stoick-Cooper, Cristi L and Wang, Hao and Maves, Lisa and Sandstrom, Richard and Pabon, Lil and Reinecke, Hans and Pratt, Gabriel and Keller, Gordon and Moon, Randall T and Stamatoyannopoulos, John and Murry, Charles E},
title = {{A Temporal Chromatin Signature in Human Embryonic Stem Cells Identifies Regulators of Cardiac Development}},
journal = {Cell},
year = {2012},
volume = {151},
number = {1},
pages = {221--232},
month = sep
}

@article{Pan:2011jk,
author = {Pan, D and Kocherginsky, M and Conzen, S D},
title = {{Activation of the Glucocorticoid Receptor Is Associated with Poor Prognosis in Estrogen Receptor-Negative Breast Cancer}},
journal = {Cancer Research},
year = {2011},
volume = {71},
number = {20},
pages = {6360--6370},
month = oct
}

@article{Park:2011ku,
author = {Park, Taeyoung},
title = {{Bayesian Analysis of Individual Choice Behavior With Aggregate Data}},
journal = {Journal of Computational and Graphical Statistics},
year = {2011},
volume = {20},
number = {1},
pages = {158--173},
month = jan
}

@article{Pasi:2011bg,
author = {Pasi, C E and z, A Dereli-{\&}Ouml and Negrini, S and Friedli, M and Fragola, G and Lombardo, A and Van Houwe, G and Naldini, L and Casola, S and Testa, G and Trono, D and Pelicci, P G and Halazonetis, T D},
title = {{Genomic instability in induced stem cells}},
journal = {Cell Death and Differentiation},
year = {2011},
volume = {18},
number = {5},
pages = {745--753},
month = feb
}

@article{Paulsson:2005da,
author = {Paulsson, Johan},
title = {{Models of stochastic gene expression}},
journal = {Physics of Life Reviews},
year = {2005},
volume = {2},
number = {2},
pages = {157--175},
month = jun
}

@article{Paulsson:2004vl,
author = {Paulsson, Johan},
title = {{Summing up the noise in gene networks}},
journal = {Nature},
year = {2004},
volume = {427},
number = {6973},
pages = {415--418}
}

@article{Payer:2011gd,
author = {Payer, Bernhard and Lee, Jeannie T and Namekawa, Satoshi H},
title = {{X-inactivation and X-reactivation: epigenetic hallmarks of mammalian reproduction and pluripotent stem cells}},
journal = {Hum Genet},
year = {2011},
volume = {130},
number = {2},
pages = {265--280},
month = jun
}

@incollection{Pazhanisamy:2011gy,
author = {Pazhanisamy, Senthil K and Chan, Keith Syson},
title = {{Cancer Stem Cells: Paradigm Shifting or Perishing Concept?}},
year = {2011},
editor = {Srivastava, Rakesh and Shankar, Sharmila},
pages = {149--174},
publisher = {Springer Netherlands},
address = {Dordrecht},
month = dec
}

@article{Pearl:2009kh,
author = {Pearl, Judea},
title = {{Causal inference in statistics: An overview}},
journal = {Statist. Surv.},
year = {2009},
volume = {3},
number = {0},
pages = {96--146}
}

@article{BenPence:2009uo,
author = {Pence, Ben and Moura, Scott},
title = {{Identifiability and Adaptive Control of Markov Chains}},
year = {2009},
pages = {1--16},
month = dec
}

@article{Pepke:2009fu,
author = {Pepke, Shirley and Wold, Barbara and Mortazavi, Ali},
title = {{Computation for ChIP-seq and RNA-seq studies}},
journal = {Nat Meth},
year = {2009},
volume = {6},
number = {11s},
pages = {S22--S32},
month = nov
}

@article{Perlmutter:2012el,
author = {Perlmutter, Saul},
title = {{Nobel Lecture: Measuring the acceleration of the cosmic expansion using supernovae}},
journal = {Rev. Mod. Phys.},
year = {2012},
volume = {84},
number = {3},
pages = {1127--1149},
month = aug
}

@article{Petruccelli:1984wb,
author = {Petruccelli, J.D. and Woolford, S.W.},
title = {{A threshold AR (1) model}},
journal = {Journal of applied probability},
year = {1984},
volume = {21},
pages = {270--286}
}

@article{Petsko:2007kg,
author = {Petsko, Gregory A},
title = {{A day in the life of a genome biologist in the not-too-distant future.}},
journal = {Genome Biology},
year = {2007},
volume = {8},
number = {3},
pages = {104},
annote = {Indeed not-to-distant future:
"6:15 pm to 7 pm.packed up to go home. Waited 45 minutes for shuttle bus to parking lot. while waiting, checked latest news on iPhone."}
}

@article{Plath:2011is,
author = {Plath, Kathrin and Lowry, William E},
title = {{Progress in understanding reprogramming to the induced pluripotent state}},
journal = {Nature Publishing Group},
year = {2011},
volume = {12},
number = {4},
pages = {253--265},
month = apr
}

@article{Popkova:2012de,
author = {Popkova, Anna and Bernardoni, Roberto and Diebold, Celine and Van de Bor, V{\'e}ronique and Schuettengruber, Bernd and Gonz{\'a}lez, Inma and Busturia, Ana and Cavalli, Giacomo and Giangrande, Angela},
title = {{Polycomb Controls Gliogenesis by Regulating the Transient Expression of the Gcm/Glide Fate Determinant}},
journal = {PLoS Genet},
year = {2012},
volume = {8},
number = {12},
pages = {e1003159},
month = dec
}

@article{LaPorta:2012hl,
author = {La Porta, Caterina A M and Zapperi, Stefano and Sethna, James P},
title = {{Senescent Cells in Growing Tumors: Population Dynamics and Cancer Stem Cells}},
journal = {PLoS Comput Biol},
year = {2012},
volume = {8},
number = {1},
pages = {e1002316},
month = jan
}

@article{Pozhitkov:2007go,
author = {Pozhitkov, A E and Tautz, D and Noble, P A},
title = {{Oligonucleotide microarrays: widely applied poorly understood}},
journal = {Briefings in Functional Genomics and Proteomics},
year = {2007},
volume = {6},
number = {2},
pages = {141--148},
month = sep
}

@article{Prlic:2012ff,
author = {Prli{\'c}, Andreas and Procter, James B},
title = {{Ten Simple Rules for the Open Development of Scientific Software}},
journal = {PLoS Comput Biol},
year = {2012},
volume = {8},
number = {12},
pages = {e1002802},
month = dec
}

@article{Probst:2011iz,
author = {Probst, Aline V and Almouzni, Genevi{\`e}ve},
title = {{Heterochromatin establishment in the context of genome-wide epigenetic reprogramming}},
journal = {Trends in Genetics},
year = {2011},
volume = {27},
number = {5},
pages = {177--185},
month = may
}

@article{Rabiner:1989vx,
author = {Rabiner, L.R.},
title = {{A tutorial on hidden Markov models and selected applications in speech recognition}},
journal = {Proceedings of the IEEE},
year = {1989},
volume = {77},
number = {2},
pages = {257--286}
}

@article{Rais:2013kb,
author = {Rais, Yoach and Zviran, Asaf and Geula, Shay and Gafni, Ohad and Chomsky, Elad and Viukov, Sergey and Mansour, Abed AlFatah and Caspi, Inbal and Krupalnik, Vladislav and Zerbib, Mirie and Maza, Itay and Mor, Nofar and Baran, Dror and Weinberger, Leehee and Jaitin, Diego A and Lara-Astiaso, David and Blecher-Gonen, Ronnie and Shipony, Zohar and Mukamel, Zohar and Hagai, Tzachi and Gilad, Shlomit and Amann-Zalcenstein, Daniela and Tanay, Amos and Amit, Ido and Novershtern, Noa and Hanna, Jacob H},
title = {{Deterministic direct reprogramming of somatic cells to pluripotency}},
journal = {Nature},
year = {2013},
volume = {502},
number = {7469},
pages = {65--70},
month = oct
}

@article{Ramsay:2007we,
author = {Ramsay, Jim O and Hooker, G. and Campbell, D. and Cao, J.},
title = {{Parameter estimation for differential equations: a generalized smoothing approach}},
journal = {Journal of the Royal Statistical Society: Series B (Statistical Methodology)},
year = {2007},
volume = {69},
number = {5},
pages = {741--796}
}

@article{Rao:2002wz,
author = {Rao, C.V. and Wolf, D.M. and Arkin, A.P.},
title = {{Control, exploitation and tolerance of intracellular noise}},
journal = {Nature},
year = {2002},
volume = {420},
pages = {231--237}
}

@article{Raser:2004gh,
author = {Raser, J M},
title = {{Control of Stochasticity in Eukaryotic Gene Expression}},
journal = {Science},
year = {2004},
volume = {304},
number = {5678},
pages = {1811--1814},
month = jun
}

@article{Rasmussen:2004tj,
author = {Rasmussen, C},
title = {{Gaussian processes in machine learning}},
journal = {Advanced Lectures on Machine Learning},
year = {2004},
pages = {63--71}
}

@article{Rau:2008tc,
author = {Rau, J.},
title = {{Statistical mechanics in a nutshell}},
journal = {Arxiv preprint physics/9805024},
year = {2008},
pages = {1--23}
}

@article{Riess:2012hr,
author = {Riess, Adam},
title = {{Nobel Lecture: My path to the accelerating Universe}},
journal = {Rev. Mod. Phys.},
year = {2012},
volume = {84},
number = {3},
pages = {1165--1175},
month = aug
}

@article{Ritter:2011we,
author = {Ritter, Julia S Samaddar and Edmond},
title = {{Breast Cancer Stem Cells -- A Review}},
year = {2011},
pages = {1--18},
month = oct
}

@article{Robinson:2010cw,
author = {Robinson, Mark D and McCarthy, Davis J and Smyth, Gordon K},
title = {{edgeR: a Bioconductor package for differential expression analysis of digital gene expression data}},
journal = {Bioinformatics},
year = {2010},
volume = {26},
number = {1},
pages = {139--140},
month = jan
}

@article{Robinson:2010dd,
author = {Robinson, Mark D and Oshlack, Alicia},
title = {{A scaling normalization method for differential expression analysis of RNA-seq data}},
journal = {Genome Biology},
year = {2010},
volume = {11},
number = {3},
pages = {R25}
}

@article{Roche:2011vh,
author = {Roche, Alexis},
title = {{EM algorithm and variants: an informal tutorial}},
journal = {arXiv},
year = {2011},
eprint = {1105.1476v2},
eprinttype = {arxiv},
eprintclass = {stat.CO},
month = may
}

@article{RossInnes:2012cy,
author = {Ross-Innes, Caryn S and Stark, Rory and Teschendorff, Andrew E and Holmes, Kelly A and Ali, H Raza and Dunning, Mark J and Brown, Gordon D and Gojis, Ondrej and Ellis, Ian O and Green, Andrew R and Ali, Simak and Chin, Suet-Feung and Palmieri, Carlo and Caldas, Carlos and Carroll, Jason S},
title = {{Differential oestrogen receptor binding is associated with clinical outcome in breast cancer}},
journal = {Nature},
year = {2012},
volume = {481},
number = {7381},
pages = {389--393},
month = jan
}

@article{Roweis:1999ic,
author = {Roweis, Sam and Ghahramani, Zoubin},
title = {{A Unifying Review of Linear Gaussian Models}},
journal = {Neural Computation},
year = {1999},
volume = {11},
number = {2},
pages = {305--345},
month = feb
}

@article{Roy:2006ik,
author = {Roy, Sushmita and Lane, Terran and Allen, Chris and Aragon, Anthony D and Werner-Washburne, Margaret},
title = {{A Hidden-State Markov Model for Cell Population Deconvolution}},
journal = {Journal of Computational Biology},
year = {2006},
volume = {13},
number = {10},
pages = {1749--1774},
month = dec
}

@article{Ruelle:2012fc,
author = {Ruelle, David},
title = {{From the Theory of Chaos to Nonequilibrium Statistical Mechanics}},
journal = {Procedia IUTAM},
year = {2012},
volume = {5},
pages = {27--33},
month = jan
}

@article{Ruijs:2011ud,
author = {Ruijs, Wilhelmina and Hautvast, Jeannine and van der Velden, Koos and de Vos, Sjoerd and Knippenberg, Hans and Hulscher, Marlies},
title = {{Religious subgroups influencing vaccination coverage in the Dutch Bible belt: an ecological study}},
journal = {BMC public health},
year = {2011},
volume = {11},
number = {1},
pages = {102}
}

@article{Ryden:1996tu,
author = {Ryden, T.},
title = {{On identifiability and order of continuous-time aggregated Markov chains, Markov-modulated Poisson processes, and phase-type distributions}},
journal = {Journal of applied probability},
year = {1996},
volume = {33},
pages = {640--653}
}

@article{Saccomani:2010by,
author = {Saccomani, Maria Pia and Audoly, Stefania and Bellu, Giuseppina and D'Angi{\`o}, Leontina},
title = {{Examples of testing global identifiability of biological and biomedical models with the DAISY software}},
journal = {Computers in Biology and Medicine},
year = {2010},
volume = {40},
number = {4},
pages = {402--407},
month = mar
}

@article{Sagitov:2012iu,
author = {Sagitov, S and Mehlig, B and Jagers, P and Vatutin, V},
title = {{Evolutionary branching in a stochastic population model with discrete mutational steps}},
journal = {Theoretical Population Biology},
year = {2012},
month = sep
}

@article{Salzman:2011um,
author = {Salzman, J and Jiang, H and Wong, W H},
title = {{Statistical modeling of RNA-Seq data}},
journal = {Statistical Science},
year = {2011},
volume = {26},
number = {1},
pages = {62--83}
}

@incollection{Samaddar:we,
author = {Samaddar, Julia S. and Ritter, Edmond},
title = {{Breast Cancer Stem Cells -- A Review}},
booktitle = {Carcinogenesis, Cell Growth and Signalling Pathways}
}

@article{SamavarchiTehrani:2010cp,
author = {Samavarchi-Tehrani, Payman and Golipour, Azadeh and David, Laurent and Sung, Hoon-Ki and Beyer, Tobias A and Datti, Alessandro and Woltjen, Knut and Nagy, Andras and Wrana, Jeffrey L},
title = {{Functional Genomics Reveals a BMP-Driven Mesenchymal-to-Epithelial Transition in the Initiation of Somatic Cell Reprogramming}},
journal = {Stem Cell},
year = {2010},
volume = {7},
number = {1},
pages = {64--77},
month = jul
}

@article{SanchoMartinez:2013gy,
author = {Sancho-Martinez, Ignacio and Belmonte, Juan Carlos Izpis{\'u}a},
title = {{Stem cells: Surf the waves of reprogramming}},
journal = {Nature Publishing Group},
year = {2013},
volume = {493},
number = {7432},
pages = {310--311},
month = jan
}

@article{Sarig:2011dy,
author = {Sarig, R and Rotter, V},
title = {{Can an iPS cell secure its genomic fidelity{\&}quest;}},
journal = {Cell Death and Differentiation},
year = {2011},
volume = {18},
number = {5},
pages = {743--744},
month = may
}

@article{Sartor:2010fo,
author = {Sartor, M A and Mahavisno, V and Keshamouni, V G and Cavalcoli, J and Wright, Z and Karnovsky, A and Kuick, R and Jagadish, H V and Mirel, B and Weymouth, T and Athey, B and Omenn, G S},
title = {{ConceptGen: a gene set enrichment and gene set relation mapping tool}},
journal = {Bioinformatics},
year = {2010},
volume = {26},
number = {4},
pages = {456--463},
month = feb
}

@article{Schadt:2012dv,
author = {Schadt, E E and Banerjee, O and Fang, G and Feng, Z and Wong, W H and Zhang, X and Kislyuk, A and Clark, T A and Luong, K and Keren-Paz, A and Chess, A and Kumar, V and Chen-Plotkin, A and Sondheimer, N and Korlach, J and Kasarskis, A},
title = {{Modeling kinetic rate variation in third generation DNA sequencing data to detect putative modifications to DNA bases}},
journal = {Genome Research},
year = {2012},
month = oct
}

@unpublished{Schittler:2011uy,
author = {Schittler, D},
title = {{Modeling of genetic switches in stem cells}},
month = feb,
year = {2011}
}

@article{Schittler:2010ci,
author = {Schittler, D and Hasenauer, J and Allg{\"o}wer, F and Waldherr, S},
title = {{Cell differentiation modeled via a coupled two-switch regulatory network}},
journal = {Chaos},
year = {2010},
volume = {20},
number = {4},
pages = {045121}
}

@article{Schliep:2003ky,
author = {Schliep, A and Sch{\"o}nhuth, A and Steinhoff, C},
title = {{Using hidden Markov models to analyze gene expression time course data}},
journal = {Bioinformatics},
year = {2003},
volume = {19},
number = {Suppl 1},
pages = {i255--i263},
month = jul,
annote = {- Clustering time course data with k HMM models
- HMM is used to account for horizontal dependance
- 1-{\&}gt;1: HMM models and clusters}
}

@article{Schmidt:2010cy,
author = {Schmidt, D and Wilson, M D and Ballester, B and Schwalie, P C and Brown, G D and Marshall, A and Kutter, C and Watt, S and Martinez-Jimenez, C P and Mackay, S and Talianidis, I and Flicek, P and Odom, D T},
title = {{Five-Vertebrate ChIP-seq Reveals the Evolutionary Dynamics of Transcription Factor Binding}},
journal = {Science},
year = {2010},
volume = {328},
number = {5981},
pages = {1036--1040},
month = may
}

@article{Schmidt:2008jj,
author = {Schmidt, Dominic and Stark, Rory and Wilson, Michael D and Brown, Gordon D and Odom, Duncan T},
title = {{Genome-Scale Validation of Deep-Sequencing Libraries}},
journal = {PLoS ONE},
year = {2008},
volume = {3},
number = {11},
pages = {e3713},
month = nov
}

@article{Schuettengruber:2009hy,
author = {Schuettengruber, Bernd and Ganapathi, Mythily and Leblanc, Benjamin and Portoso, Manuela and Jaschek, Rami and Tolhuis, Bas and van Lohuizen, Maarten and Tanay, Amos and Cavalli, Giacomo},
title = {{Functional Anatomy of Polycomb and Trithorax Chromatin Landscapes in Drosophila Embryos}},
journal = {PLoS Biol},
year = {2009},
volume = {7},
number = {1},
pages = {e1000013},
month = jan
}

@article{Schumacher:2010dw,
author = {Schumacher, Ton N M and Gerlach, Carmen and van Heijst, Jeroen W J},
title = {{Mapping the life histories of T cells}},
journal = {Nat Rev Immunol},
year = {2010},
volume = {10},
number = {9},
pages = {621--631},
month = aug
}

@article{Schwabe:2012bi,
author = {Schwabe, Anne and Rybakova, Katja N and Bruggeman, Frank J},
title = {{Transcription Stochasticity of Complex Gene Regulation Models}},
journal = {Biophysical Journal},
year = {2012},
volume = {103},
number = {6},
pages = {1152--1161},
month = sep
}

@article{Schwarz:1978uv,
author = {Schwarz, Gideon},
title = {{Estimating the Dimension of a Model}},
journal = {Ann. Statist.},
year = {1978},
volume = {6},
number = {2},
pages = {461--464}
}


@article{Science:2011vr,
author = {Science, American Association for the Advancement of},
title = {{Science Magazine}},
year = {2011},
pages = {1--3},
month = jan
}

@article{Shahrezaei:2008iq,
author = {Shahrezaei, Vahid and Ollivier, Julien F and Swain, Peter S},
title = {{Colored extrinsic fluctuations and stochastic gene expression}},
journal = {Mol Syst Biol},
year = {2008},
volume = {4},
month = may
}

@article{Shapere:2012to,
author = {Shapere, Alfred D and Wilczek, Frank and Xiong, Zhaoxi},
title = {{Models of Topology Change}},
journal = {arXiv},
year = {2012},
eprint = {1210.3545v1},
eprinttype = {arxiv},
eprintclass = {hep-th},
month = oct
}

@article{Sheldon:vc,
author = {Sheldon, D and Sun, T and Kumar, A and Dietterich, T G},
title = {{Approximate Inference in Collective Graphical Models}},
journal = {jmlr.org
}
}

@article{Shi:2008fo,
author = {Shi, Yan and Tae Do, Jeong and Desponts, Caroline and Hahm, Heung Sik and Sch{\"o}ler, Hans R and Ding, Sheng},
title = {{A Combined Chemical and Genetic Approach for the Generation of Induced Pluripotent Stem Cells}},
journal = {Cell Stem Cell},
year = {2008},
volume = {2},
number = {6},
pages = {525--528},
month = jun
}

@article{Shin:2009gp,
author = {Shin, H and Liu, T and Manrai, A K and Liu, X S},
title = {{CEAS: cis-regulatory element annotation system}},
journal = {Bioinformatics},
year = {2009},
volume = {25},
number = {19},
pages = {2605--2606},
month = sep
}

@article{Shipitsin:2007dp,
author = {Shipitsin, Michail and Campbell, Lauren L and Argani, Pedram and Weremowicz, Stanislawa and Bloushtain-Qimron, Noga and Yao, Jun and Nikolskaya, Tatiana and Serebryiskaya, Tatiana and Beroukhim, Rameen and Hu, Min and Halushka, Marc K and Sukumar, Saraswati and Parker, Leroy M and Anderson, Karen S and Harris, Lyndsay N and Garber, Judy E and Richardson, Andrea L and Schnitt, Stuart J and Nikolsky, Yuri and Gelman, Rebecca S and Polyak, Kornelia},
title = {{Molecular Definition of Breast Tumor Heterogeneity}},
journal = {Cancer Cell},
year = {2007},
volume = {11},
number = {3},
pages = {259--273},
month = mar
}

@article{SiegalGaskins:2009hm,
author = {Siegal-Gaskins, Dan and Ash, Joshua N and Crosson, Sean},
title = {{Model-Based Deconvolution of Cell Cycle Time-Series Data Reveals Gene Expression Details at High Resolution}},
journal = {PLoS Comput Biol},
year = {2009},
volume = {5},
number = {8},
pages = {e1000460},
month = aug
}

@article{Simon:Bfnr9CQo,
author = {Simon, N. and Tibshirani, R},
title = {{comment}},
year = {2012},
pages = {1--3},
month = jan
}

@article{Snippert:2011gd,
author = {Snippert, Hugo J and Clevers, Hans},
title = {{Tracking adult stem cells}},
journal = {Nature Publishing Group},
year = {2011},
pages = {1--10},
month = jan
}

@article{Spellman:1998wj,
author = {Spellman, Paul T and Sherlock, Gavin and Zhang, Michael Q and Iyer, Vishwanath R and Anders, Kirk and Eisen, Michael B and Brown, Patrick O and Botstein, David and Futcher, Bruce},
title = {{Comprehensive Identification of Cell Cycle--regulated Genes of the Yeast Saccharomyces cerevisiae by Microarray Hybridization}},
year = {1998}
}

@phdthesis{Stadler:ue,
author = {St{\"a}dler, Nicolas},
title = {{EM-Type Algorithms for Non-Convex and High-Dimensional Problems}},
school = {ETH Zurich}
}

@article{Stadler:2012wb,
author = {St{\"a}dler, Nicolas and Mukherjee, Sach},
title = {{Penalized estimation in high-dimensional hidden Markov models with state-specific graphical models}},
journal = {arXiv},
year = {2012},
eprint = {1208.4989v1},
eprinttype = {arxiv},
eprintclass = {stat.ME},
month = aug
}

@article{Stanley:1994wt,
author = {Stanley, HE and Buldyrev, SV and Goldberger, AL and Goldberger, ZD and Havlin, S. and Mantegna, RN and Ossadnik, SM and Peng, C.K. and Simons, M.},
title = {{Statistical mechanics in biology: how ubiquitous are long-range correlations?}},
journal = {Physica A: Statistical Mechanics and its Applications},
year = {2002},
volume = {205},
number = {1},
pages = {214--253},
month = apr
}

@article{Stinchcombe:2012if,
author = {Stinchcombe, Adam and Peskin, Charles and Tranchina, Daniel},
title = {{Population density approach for discrete mRNA distributions in generalized switching models for stochastic gene expression}},
journal = {Phys. Rev. E},
year = {2012},
volume = {85},
number = {6},
pages = {061919},
month = jun
}

@article{Storey:2005bh,
author = {Storey, J D and Xiao, W and Leek, J T and Tompkins, R G and Davis, R W},
title = {{Significance analysis of time course microarray experiments}},
journal = {Proceedings of the National Academy of Sciences of the United States of America},
year = {2005},
volume = {102},
number = {36},
pages = {12837--12842}
}

@article{Sugihara:2012eg,
author = {Sugihara, Eiji and Saya, Hideyuki},
title = {{Complexity of cancer stem cells}},
journal = {Int. J. Cancer},
year = {2012},
pages = {n/a--n/a}
}

@article{Sumer:2010kv,
author = {Sumer, Huseyin and Nicholls, Craig and Liu, Jun and Tat, Pollyanna A and Liu, Jun-Ping and Verma, Paul J},
title = {{Comparison of reprogramming ability of mouse ES and iPS cells measured by somatic cell fusion}},
journal = {Int. J. Dev. Biol.},
year = {2010},
volume = {54},
number = {11-12},
pages = {1723--1728}
}

@article{Suvakov:2013ve,
author = {{\v S}uvakov, Milovan and Dmitra{\v s}inovi{\'c}, V},
title = {{Three Classes of Newtonian Three-Body Planar Periodic Orbits}},
year = {2013},
month = mar
}

@article{Sweet:2011em,
author = {Sweet, Deborah J},
title = {{Reprogramming, in Print and in Person}},
journal = {Stem Cell},
year = {2011},
volume = {9},
number = {6},
pages = {487},
month = dec
}

@article{Szklarczyk:2010cc,
author = {Szklarczyk, D and Franceschini, A and Kuhn, M and Simonovic, M and Roth, A and Minguez, P and Doerks, T and Stark, M and Muller, J and Bork, P and Jensen, L J and Mering, C v},
title = {{The STRING database in 2011: functional interaction networks of proteins, globally integrated and scored}},
journal = {Nucleic Acids Research},
year = {2010},
volume = {39},
number = {Database},
pages = {D561--D568},
month = dec
}

@article{Taberlay:2011ks,
author = {Taberlay, Phillippa C and Kelly, Theresa K and Liu, Chun-Chi and You, Jueng Soo and De Carvalho, Daniel D and Miranda, Tina B and Zhou, Xianghong J and Liang, Gangning and Jones, Peter A},
title = {{Polycomb-Repressed Genes Have Permissive Enhancers that Initiate Reprogramming}},
journal = {Cell},
year = {2011},
volume = {147},
number = {6},
pages = {1283--1294},
month = dec
}

@article{Takahashi:2006hi,
author = {Takahashi, Kazutoshi and Yamanaka, Shinya},
title = {{Induction of Pluripotent Stem Cells from Mouse Embryonic and Adult Fibroblast Cultures by Defined Factors}},
journal = {Cell},
year = {2006},
volume = {126},
number = {4},
pages = {663--676},
month = aug
}

@article{Tang:2012kw,
author = {Tang, Chad and Ardehali, Reza and Rinkevich, Yuval and Seita, Jun and Lee, Andrew S and Mosley, Adriane R and Drukker, Micha and Weissman, Irving L and Soen, Yoav},
title = {{Isolation of primitive endoderm, mesoderm, vascular endothelial and trophoblast progenitors from human pluripotent stem cells}},
year = {2012},
pages = {1--14},
month = may
}


@article{Tang:2010ed,
author = {Tang, Fuchou and Barbacioru, Catalin and Bao, Siqin and Lee, Caroline and Nordman, Ellen and Wang, Xiaohui and Lao, Kaiqin and Surani, M Azim},
title = {{Tracing the Derivation of Embryonic Stem Cells from the Inner Cell Mass by Single-Cell RNA-Seq Analysis}},
journal = {Stem Cell},
year = {2010},
volume = {6},
number = {5},
pages = {468--478},
month = may
}

@article{Tang:2011ep,
author = {Tang, Q and Chen, Y and Meyer, C and Geistlinger, T and Lupien, M and Wang, Q and Liu, T and Zhang, Y and Brown, M and Liu, X S},
title = {{A Comprehensive View of Nuclear Receptor Cancer Cistromes}},
journal = {Cancer Research},
year = {2011},
volume = {71},
number = {22},
pages = {6940--6947},
month = nov
}

@article{Tarazona:2011fi,
author = {Tarazona, S and Garcia-Alcalde, F and Dopazo, J and Ferrer, A and Conesa, A},
title = {{Differential expression in RNA-seq: A matter of depth}},
journal = {Genome Research},
year = {2011},
volume = {21},
number = {12},
pages = {2213--2223},
month = dec
}

@article{TCGA:2012fy,
author = {TCGA, Network},
title = {{Comprehensive molecular portraits of human breast tumours}},
year = {2012}
}

@article{Teif:2010kt,
author = {Teif, Vladimir B and Rippe, Karsten},
title = {{Statistical--mechanical lattice models for protein--DNA binding in chromatin}},
journal = {J. Phys.: Condens. Matter},
year = {2010},
volume = {22},
number = {41},
pages = {414105},
month = sep
}

@article{Telugu:2010ho,
author = {Telugu, Bhanu Prakash V L and Ezashi, Toshihiko and Roberts, R Michael},
title = {{Porcine induced pluripotent stem cells analogous to nave and primed embryonic stem cells of the mouse}},
journal = {Int. J. Dev. Biol.},
year = {2010},
volume = {54},
number = {11-12},
pages = {1703--1711}
}

@article{Thiery:2006ds,
author = {Thiery, Jean Paul and Sleeman, Jonathan P},
title = {{Complex networks orchestrate epithelial--mesenchymal transitions}},
journal = {Nature Publishing Group},
year = {2006},
volume = {7},
number = {2},
pages = {131--142},
month = feb
}

@article{Thomas:2012ej,
author = {Thomas, Paul D and Wood, Valerie and Mungall, Christopher J and Lewis, Suzanna E and Blake, Judith A and {on behalf of the Gene Ontology Consortium}},
title = {{On the Use of Gene Ontology Annotations to Assess Functional Similarity among Orthologs and Paralogs: A Short Report}},
journal = {PLoS Comput Biol},
year = {2012},
volume = {8},
number = {2},
pages = {e1002386},
month = feb
}

@article{Thurman:2007ft,
author = {Thurman, R E and Day, N and Noble, W S and Stamatoyannopoulos, J A},
title = {{Identification of higher-order functional domains in the human ENCODE regions}},
journal = {Genome Research},
year = {2007},
volume = {17},
number = {6},
pages = {917--927},
month = jun
}

@article{Tibshirani:2001vo,
author = {Tibshirani, R and Walther, G. and Hastie, T},
title = {{Estimating the number of clusters in a data set via the gap statistic}},
journal = {Journal of the Royal Statistical Society: Series B (Statistical Methodology)},
year = {2006},
volume = {63},
number = {2},
pages = {411--423},
month = jul
}

@article{Tibshirani:1996wba,
author = {Tibshirani, Robert},
title = {{Regression Shrinkage and Selection via the Lasso}},
journal = {Journal of the Royal Statistical Society. Series B (Methodological)},
year = {1996},
volume = {58},
number = {1},
pages = {267--288},
month = jan
}

@article{Tong:1980wh,
author = {Tong, H. and Lim, K.S.},
title = {{Threshold Autoregression, Limit Cycles and Cyclical Data}},
journal = {Journal of the Royal Statistical Society. Series B (Methodological)},
year = {1980},
volume = {42},
number = {3},
pages = {245--292},
month = jan
}

@article{Tong:1991vk,
author = {Tong, Howell and Yeung, Iris},
title = {{Threshold autoregressive modeling in continuous time}},
journal = {Statistica Sinica},
year = {1991},
volume = {1},
number = {2},
pages = {411--430}
}

@article{Toyoda:2010gm,
author = {Toyoda, Masashi and Yamazaki-Inoue, Mayu and Itakura, Yoko and Kuno, Atsushi and Ogawa, Tomohisa and Yamada, Masao and Akutsu, Hidenori and Takahashi, Yuji and Kanzaki, Seiichi and Narimatsu, Hisashi and Hirabayashi, Jun and Umezawa, Akihiro},
title = {{Lectin microarray analysis of pluripotent and multipotent stem cells}},
journal = {Genes to Cells},
year = {2010},
volume = {16},
number = {1},
pages = {1--11},
month = dec
}

@article{Tozawa:2011ja,
author = {Tozawa, H and Kanki, Y and Suehiro, J i and Tsutsumi, S and Kohro, T and Wada, Y and Aburatani, H and Aird, W C and Kodama, T and Minami, T},
title = {{Genome-Wide Approaches Reveal Functional Interleukin-4-Inducible STAT6 Binding to the Vascular Cell Adhesion Molecule 1 Promoter}},
journal = {Molecular and Cellular Biology},
year = {2011},
volume = {31},
number = {11},
pages = {2196--2209},
month = may
}

@article{Trapnell:2012gg,
author = {Trapnell, Cole and Hendrickson, David G and Sauvageau, Martin and Goff, Loyal and Rinn, John L and Pachter, Lior},
title = {{Differential analysis of gene regulation at transcript resolution with RNA-seq}},
journal = {Nature Publishing Group},
year = {2012},
volume = {31},
number = {1},
pages = {46--53},
month = dec
}

@article{Trinei:2002vn,
author = {Trinei, M. and Giorgio, M. and Cicalese, A. and Barozzi, S. and Ventura, A. and Migliaccio, E. and Milia, E. and Padura, I.M. and Raker, V.A. and Maccarana, M. and Petronilli, V. and Minucci, S. and Bernardi, P. and Lanfrancone, L. and Pelicci, P G},
title = {{A p53-p66Shc signalling pathway controls intracellular redox status, levels of oxidation-damaged DNA and oxidative stress-induced apoptosis.}},
journal = {Oncogene},
year = {2002},
volume = {21},
number = {24},
pages = {3872}
}

@article{Tsai:2012in,
author = {Tsai, Albert G and Chen, Debbie M and Lin, Mayin and Hsieh, John C F and Okitsu, Cindy Y and Taghva, Alexander and Shibata, Darryl and Hsieh, Chih-Lin},
title = {{Heterogeneity and Randomness of DNA Methylation Patterns in Human Embryonic Stem Cells}},
journal = {DNA and Cell Biology},
year = {2012},
volume = {31},
number = {6},
pages = {120125125104003},
month = jan
}

@article{Tsiatis:1975uv,
author = {Tsiatis, Anastasios},
title = {{A nonidentifiability aspect of the problem of competing risks}},
journal = {Proceedings of the National Academy of Sciences of the United States of America},
year = {1975},
volume = {72},
number = {1},
pages = {20--22}
}

@article{Tyssedal:1988wb,
author = {Tyssedal, John S and Tjostheim, Dag},
title = {{An Autoregressive Model with Suddenly Changing Parameters and an Application to Stock Market Prices}},
journal = {Journal of the Royal Statistical Society. Series C (Applied Statistics)},
year = {1988},
volume = {37},
number = {3},
pages = {353--369},
month = jan,
annote = {single state observation
'data' can be split in different states}
}

@techreport{UK:TAgR1xFk,
author = {UK, Cancer Research},
title = {{emboj2011368s2}},
year = {2012},
month = mar
}

@misc{embojs:s1lgo42e,
title = {{emboj2011368s3}},
author = {UK, Cancer Research},
month = mar,
year = {2012}
}

@misc{embojs:mmT_R0wd,
title = {{emboj2011368s4}},
author = {UK, Cancer Research},
month = mar,
year = {2012}
}

@article{Valent:2013eq,
author = {Valent, P and Bonnet, D and Wohrer, S and Andreeff, M and Copland, M and Chomienne, C and Eaves, C},
title = {{Heterogeneity of Neoplastic Stem Cells: Theoretical, Functional, and Clinical Implications}},
journal = {Cancer Research},
year = {2013},
month = jan
}

@article{Vaux:2012ds,
author = {Vaux, David L},
title = {{Research methods: Know when your numbers are significant}},
journal = {Nature Publishing Group},
year = {2012},
volume = {492},
number = {7428},
pages = {180--181},
month = dec
}

@article{Vierbuchen:2010fa,
author = {Vierbuchen, Thomas and Ostermeier, Austin and Pang, Zhiping P and Kokubu, Yuko and S{\"u}dhof, Thomas C and Wernig, Marius},
title = {{Direct conversion of fibroblasts to functional neurons by defined factors}},
journal = {Nature},
year = {2010},
volume = {463},
number = {7284},
pages = {1035--1041},
month = jan
}

@article{Vilar:2003cv,
author = {Vilar, Jos{\'e} M G and Leibler, Stanislas},
title = {{DNA Looping and Physical Constraints on Transcription Regulation}},
journal = {Journal of Molecular Biology},
year = {2003},
volume = {331},
number = {5},
pages = {981--989},
month = aug
}

@article{Visser:2010un,
author = {Visser, Ingmar and Speekenbrink, Maarten},
title = {{depmixS4: An R Package for Hidden Markov Models}},
journal = {Journal of Statistical Software},
year = {2010},
volume = {36},
number = {i07}
}

@article{Vogel:2010jb,
author = {Vogel, Gretchen},
title = {{Diseases in a Dish Take Off}},
journal = {Science},
year = {2010},
volume = {330},
number = {6008},
pages = {1172--1173},
month = jan
}

@article{Vogelstein:2004fm,
author = {Vogelstein, Bert and Kinzler, Kenneth W},
title = {{Cancer genes and the pathways they control}},
journal = {Nature Publishing Group},
year = {2004},
volume = {10},
number = {8},
pages = {789--799},
month = aug
}

@article{Vyshemirsky:2008em,
author = {Vyshemirsky, V and Girolami, M},
title = {{BioBayes: A software package for Bayesian inference in systems biology}},
journal = {Bioinformatics},
year = {2008},
volume = {24},
number = {17},
pages = {1933--1934},
month = aug
}

@article{Waddington:1942wy,
author = {Waddington, C.H.},
title = {{Canalization of development and the inheritance of acquired characters}},
journal = {Nature},
year = {1942},
volume = {150},
pages = {563--565}
}

@article{Wagstaff:2012tr,
author = {Wagstaff, K},
title = {{Machine learning that matters}},
journal = {arXiv preprint arXiv:1206.4656},
year = {2012}
}

@article{Walbot:2009ek,
author = {Walbot, Virginia},
title = {{Are we training pit bulls to review our manuscripts?}},
journal = {J. Biol.},
year = {2009},
volume = {8},
number = {3},
pages = {24}
}

@article{Walter:2011df,
author = {Walter, J{\"o}rn},
title = {{An Epigenetic Tet a Tet with Pluripotency}},
journal = {Stem Cell},
year = {2011},
volume = {8},
number = {2},
pages = {121--122},
month = feb
}

@article{Wamstad:2012gi,
author = {Wamstad, Joseph A and Alexander, Jeffrey M and Truty, Rebecca M and Shrikumar, Avanti and Li, Fugen and Eilertson, Kirsten E and Ding, Huiming and Wylie, John N and Pico, Alexander R and Capra, John A and Erwin, Genevieve and Kattman, Steven J and Keller, Gordon M and Srivastava, Deepak and Levine, Stuart S and Pollard, Katherine S and Holloway, Alisha K and Boyer, Laurie A and Bruneau, Benoit G},
title = {{Dynamic and Coordinated Epigenetic Regulation of Developmental Transitions in the Cardiac Lineage}},
journal = {Cell},
year = {2012},
volume = {151},
number = {1},
pages = {206--220},
month = sep
}

@article{Wang:2009fo,
author = {Wang, Chun-Chao and Cirit, Murat and Haugh, Jason M},
title = {{PI3K-dependent cross-talk interactions converge with Ras as quantifiable inputs integrated by Erk}},
journal = {Mol Syst Biol},
year = {2009},
volume = {5},
month = feb
}

@article{Wang:2007fi,
author = {Wang, H. and Li, R. and Tsai, C L},
title = {{Tuning parameter selectors for the smoothly clipped absolute deviation method}},
journal = {Biometrika},
year = {2007},
volume = {94},
number = {3},
pages = {553--568},
month = aug
}

@article{Wang:2010dj,
author = {Wang, Jin and Xu, Li and Wang, Erkang and Huang, Sui},
title = {{The Potential Landscape of Genetic Circuits Imposes the Arrow of Time in Stem Cell Differentiation}},
journal = {Biophysj},
year = {2010},
volume = {99},
number = {1},
pages = {29--39},
month = jul
}

@article{Wang:2011kh,
author = {Wang, Lizhen and Cheung, Jason Tak-Man and Pu, Fang and Li, Deyu and Zhang, Ming and Fan, Yubo},
title = {{Why Do Woodpeckers Resist Head Impact Injury: A Biomechanical Investigation}},
journal = {PLoS ONE},
year = {2011},
volume = {6},
number = {10},
pages = {e26490},
month = oct
}

@article{Wang:2008cr,
author = {Wang, Yi-Ting and Chuang, Jian-Ying and Shen, Meng-Ru and Yang, Wen-Bin and Chang, Wen-Chang and Hung, Jan-Jong},
title = {{Sumoylation of Specificity Protein 1 Augments Its Degradation by Changing the Localization and Increasing the Specificity Protein 1 Proteolytic Process}},
journal = {Journal of Molecular Biology},
year = {2008},
volume = {380},
number = {5},
pages = {869--885},
month = jul
}

@article{Wang:2009ur,
author = {Wang, Z. and Gerstein, M. and Snyder, M.},
title = {{RNA-Seq: a revolutionary tool for transcriptomics}},
journal = {Nat Rev Genet},
year = {2009},
volume = {10},
pages = {57--63}
}

@article{Wang:2008je,
author = {Wang, Zhibin and Zang, Chongzhi and Rosenfeld, Jeffrey A and Schones, Dustin E and Barski, Artem and Cuddapah, Suresh and Cui, Kairong and Roh, Tae-Young and Peng, Weiqun and Zhang, Michael Q and Zhao, Keji},
title = {{Combinatorial patterns of histone acetylations and methylations in the human genome}},
journal = {Nature Publishing Group},
year = {2008},
volume = {40},
number = {7},
pages = {897--903},
month = jun
}

@article{Warren:2010kv,
author = {Warren, Luigi and Manos, Philip D and Ahfeldt, Tim and Loh, Yuin-Han and Li, Hu and Lau, Frank and Ebina, Wataru and Mandal, Pankaj K and Smith, Zachary D and Meissner, Alexander and Daley, George Q and Brack, Andrew S and Collins, James J and Cowan, Chad and Schlaeger, Thorsten M and Rossi, Derrick J},
title = {{Highly Efficient Reprogramming to Pluripotency and Directed Differentiation of Human Cells with Synthetic Modified mRNA}},
journal = {Stem Cell},
year = {2010},
pages = {1--13},
month = sep
}

@article{Wasserman:2000dk,
author = {Wasserman, Larry},
title = {{Bayesian Model Selection and Model Averaging}},
journal = {Procedia IUTAM},
year = {2000},
volume = {44},
number = {1},
pages = {92--107},
month = mar
}

@article{Wei:2012hw,
author = {Wei, Wei and Ba, Zhaoqing and Gao, Min and Wu, Yang and Ma, Yanting and Amiard, Simon and White, Charles I and Danielsen, Jannie Michaela Rendtlew and Yang, Yun-Gui and Qi, Yijun},
title = {{A Role for Small RNAs in DNA Double-Strand Break Repair}},
journal = {Cell},
year = {2012},
volume = {149},
number = {1},
pages = {101--112},
month = mar
}

@article{Weiss:2007kx,
author = {Weiss, Andreas and Baumgartner, Martin and Radziwill, Gerald and Dennler, Julia and Moelling, Karin},
title = {{c-Src is a PDZ interaction partner and substrate of the E3 ubiquitin ligase Ligand-of-Numb protein X1}},
journal = {FEBS Letters},
year = {2007},
volume = {581},
number = {26},
pages = {5131--5136},
month = oct
}

@article{Welling:2013vs,
author = {Welling, Maaike and Geijsen, Niels},
title = {{Uncovering the true identity of na{\"\i}ve pluripotent stem cells}},
journal = {Trends in Cell Biology},
year = {2013}
}

@article{Wilhelm:2009ji,
author = {Wilhelm, Brian T and Landry, Josette-Ren{\'e}e},
title = {{RNA-Seq---quantitative measurement of expression through massively parallel RNA-sequencing}},
journal = {Methods},
year = {2009},
volume = {48},
number = {3},
pages = {249--257},
month = jul
}

@article{Witten:2011cg,
author = {Witten, D M},
title = {{Classification and clustering of sequencing data using a Poisson model}},
journal = {The Annals of Applied Statistics},
year = {2011},
volume = {5},
number = {4},
pages = {2493--2518}
}

@article{Wiuf:2000ui,
author = {Wiuf, C. and Hein, J.},
title = {{The coalescent with gene conversion}},
journal = {Genetics},
year = {2000},
volume = {155},
number = {1},
pages = {451--462},
month = apr
}

@article{Woltjen:2009hb,
author = {Woltjen, Knut and Michael, Iacovos P and Mohseni, Paria and Desai, Ridham and Mileikovsky, Maria and H{\"a}m{\"a}l{\"a}inen, Riikka and Cowling, Rebecca and Wang, Wei and Liu, Pentao and Gertsenstein, Marina and Kaji, Keisuke and Sung, Hoon-Ki and Nagy, Andras},
title = {{piggyBac transposition reprograms fibroblasts to induced pluripotent stem cells}},
journal = {Nature},
year = {2009},
volume = {458},
number = {7239},
pages = {766--770},
month = mar
}

@article{Wu:2012tq,
author = {Wu, J. and Mehta, N. and Zhang, J.},
title = {{A Flexible Lognormal Sum Approximation Method}},
year = {2012},
pages = {1--7},
month = jan
}

@article{Xie:2011we,
author = {Xie, Dan and Chen, Chieh-Chun and He, Xin and Cao, Xiaoyi and Zhong, Sheng},
title = {{Towards an Evolutionary Model of Transcription Networks}},
journal = {PLoS Comput Biol},
year = {2011},
volume = {7},
number = {6},
pages = {e1002064},
month = jun
}

@article{Xu:2010gx,
author = {Xu, T R and Vyshemirsky, V and Gormand, A and von Kriegsheim, A and Girolami, M and Baillie, G S and Ketley, D and Dunlop, A J and Milligan, G and Houslay, M D and Kolch, W},
title = {{Inferring Signaling Pathway Topologies from Multiple Perturbation Measurements of Specific Biochemical Species}},
journal = {Science Signaling},
year = {2010},
volume = {3},
number = {113},
pages = {ra20--ra20},
month = mar
}

@article{Yamanaka:2012ch,
author = {Yamanaka, Shinya},
title = {{Induced Pluripotent Stem Cells: Past, Present, and Future}},
journal = {Stem Cell},
year = {2012},
volume = {10},
number = {6},
pages = {678--684},
month = jun
}

@article{Yamanaka:2010iy,
author = {Yamanaka, Shinya and Blau, Helen M},
title = {{Nuclear reprogramming to a pluripotent state by three approaches}},
journal = {Nature},
year = {2010},
volume = {465},
number = {7299},
pages = {704--712},
month = jun
}

@article{Yeatman:2004hj,
author = {Yeatman, Timothy J},
title = {{A renaissance for SRC}},
journal = {Nat Rev Cancer},
year = {2004},
volume = {4},
pages = {470--480},
month = jun
}

@article{York:2010ip,
author = {York, B and O'Malley, B W},
title = {{Steroid Receptor Coactivator (SRC) Family: Masters of Systems Biology}},
journal = {Journal of Biological Chemistry},
year = {2010},
volume = {285},
number = {50},
pages = {38743--38750},
month = dec
}

@article{Young:2012bs,
author = {Young, Margaret A and Larson, David E and Sun, Chiao-Wang and George, Daniel R and Ding, Li and Miller, Christopher A and Lin, Ling and Pawlik, Kevin M and Chen, Ken and Fan, Xian and Schmidt, Heather and Kalicki-Veizer, Joelle and Cook, Lisa L and Swift, Gary W and Demeter, Ryan T and Wendl, Michael C and Sands, Mark S and Mardis, Elaine R and Wilson, Richard K and Townes, Tim M and Ley, Timothy J},
title = {{Background Mutations in Parental Cells Account for Most of the Genetic Heterogeneity of Induced Pluripotent Stem Cells}},
journal = {Stem Cell},
year = {2012},
pages = {1--13},
month = apr
}

@article{Young:2011dk,
author = {Young, Richard A},
title = {{Control of the Embryonic Stem Cell State}},
journal = {Cell},
year = {2011},
volume = {144},
number = {6},
pages = {940--954},
month = mar
}

@article{Zeng:2012wn,
author = {Zeng, Hong-Li and Hertz, John and Roudi, Yasser},
title = {{L{\$}{\_}1{\$} Regularization for Reconstruction of a non-equilibrium Ising Model}},
journal = {arXiv},
year = {2012},
eprint = {1211.3671v1},
eprinttype = {arxiv},
eprintclass = {stat.ME},
month = nov
}

@article{Zhang:2008go,
author = {Zhang, Yong and Liu, Tao and Meyer, Clifford A and Eeckhoute, J{\'e}r{\^o}me and Johnson, David S and Bernstein, Bradley E and Nussbaum, Chad and Myers, Richard M and Brown, Myles and Li, Wei and Liu, X Shirley},
title = {{Model-based analysis of ChIP-Seq (MACS)}},
journal = {Genome Biol},
year = {2008},
volume = {9},
number = {9},
pages = {R137}
}

@article{Zhao:2008gw,
author = {Zhao, Rui and Daley, George Q},
title = {{From fibroblasts to iPS cells: Induced pluripotency by defined factors}},
journal = {J. Cell. Biochem.},
year = {2008},
volume = {105},
number = {4},
pages = {949--955},
month = nov
}

@article{Zhu:2011bf,
author = {Zhu, Hao and Lensch, M William and Cahan, Patrick and Daley, George Q},
title = {{Investigating monogenic and complex diseases with pluripotent stem cells}},
journal = {Nature Publishing Group},
year = {2011},
volume = {12},
number = {4},
pages = {266--275},
month = mar
}

@article{Zhu:2010hu,
author = {Zhu, Saiyong and Li, Wenlin and Zhou, Hongyan and Wei, Wanguo and Ambasudhan, Rajesh and Lin, Tongxiang and Kim, Janghwan and Zhang, Kang and Ding, Sheng},
title = {{Reprogramming of Human Primary Somatic Cells by OCT4 and Chemical Compounds}},
journal = {Stem Cell},
year = {2010},
volume = {7},
number = {6},
pages = {651--655},
month = dec
}

@article{Zuk:2012do,
author = {Zuk, Pawel J and Kocha{\'n}czyk, Marek and Jaruszewicz, Joanna and Bednorz, Witold and Lipniacki, Tomasz},
title = {{Dynamics of a stochastic spatially extended system predicted by comparing deterministic and stochastic attractors of the corresponding birth--death process}},
journal = {Phys. Biol.},
year = {2012},
volume = {9},
number = {5},
pages = {055002},
month = sep
}

@article{Zwart:2011dg,
author = {Zwart, Wilbert and Theodorou, Vasiliki and Kok, Marleen and Canisius, Sander and Linn, Sabine and Carroll, Jason S},
title = {{Oestrogen receptor--co-factor--chromatin specificity in the transcriptional regulation of breast cancer}},
journal = {The EMBO Journal},
year = {2011},
volume = {30},
pages = {4764--4776},
month = oct
}

%% Created using Papers on Sun, 24 Nov 2013.
%% http://papersapp.com/papers/

@article{Debnath:2003kma,
author = {Debnath, Jayanta and Muthuswamy, Senthil K and Brugge, Joan S},
title = {{Morphogenesis and oncogenesis of MCF-10A mammary epithelial acini grown in three-dimensional basement membrane cultures}},
journal = {Methods},
year = {2003},
volume = {30},
number = {3},
pages = {256--268},
month = jul
}

@article{Iliopoulos:2009do,
author = {Iliopoulos, Dimitrios and Hirsch, Heather A and Struhl, Kevin},
title = {{An Epigenetic Switch Involving NF-kB, Lin28, Let-7 MicroRNA, and IL6 Links Inflammation to Cell Transformation}},
journal = {Cell},
year = {2009},
volume = {139},
number = {4},
pages = {693--706},
month = nov
}

@article{Armond:2013,
author = {Armond, Jonathan W and Saha, Krishanu and Rana, Anas A and Oates, Chris J and Jaenisch, Rudolf and Nicodemi, Mario and Mukherjee, Sach},
title = {{A stochastic model dissects cell states in biological transition processes}},
journal = {Scientific Reports (accepted)},
year = {2013}
}

@article{Casale:2013,
author = {Casale, FP and Giurato, G and Nassa, G and Armond, Jonathan W and Oates, CJ and Cor\'a, D and Gamba, A and Mukherjee, S and Weisz, A and Nicodemi, M},
title = {{Single-Cell States in the Estrogen Response of Breast Cancer Cell Lines}},
journal = {submitted},
year = {2013}
}

@article{Neal:2001ed,
author = {Neal, Radford M},
title = {{Annealed importance sampling}},
journal = {Statistics and Computing},
year = {2001},
volume = {11},
number = {2},
pages = {125--139}
}

@article{Fraley:1999bw,
author = {Fraley, Chris and Raftery, Adrian E},
title = {{MCLUST: Software for Model-Based Cluster Analysis}},
journal = {J. of Classification},
year = {1999},
volume = {16},
number = {2},
pages = {297--306}
}

@article{Akaike:1974ih,
author = {Akaike, H},
title = {{A new look at the statistical model identification}},
journal = {Automatic Control, IEEE Transactions on},
year = {1974},
volume = {19},
number = {6},
pages = {716--723}
}

@article{DeRisi:1997dw,
author = {DeRisi, Joseph L and Iyer, Vishwanath R and Brown, Patrick O},
title = {{Exploring the Metabolic and Genetic Control of Gene Expression on a Genomic Scale}},
journal = {Science},
year = {1997},
volume = {278},
number = {5338},
pages = {680--686},
month = oct
}

@article{Eisen:1999uw,
author = {Eisen, M B and Brown, P O},
title = {{DNA arrays for analysis of gene expression}},
journal = {Methods in enzymology},
year = {1999}
}

@article{Brown:1999bk,
author = {Brown, Patrick O and Botstein, David},
title = {{Exploring the new world of the genome with DNA microarrays}},
journal = {Nat Genet},
year = {1999},
volume = {21},
pages = {33--37},
month = jan
}


@book{Alberts:2007tv,
author = {Alberts, Bruce and Johnson, Alexander and Lewis, Julian and Raff, Martin and Roberts, Keith and Walter, Peter},
title = {{Molecular Biology of the Cell, Fifth Edition}},
publisher = {Garland Science},
year = {2007},
month = nov
}

@article{Goldberg:2007tl,
author = {Goldberg, A D and Allis, C D and Bernstein, E},
title = {{Epigenetics: a landscape takes shape}},
journal = {Cell},
year = {2007}
}

@article{Gibney:2010ws,
author = {Gibney, E R and Nolan, C M},
title = {{Epigenetics and gene expression}},
journal = {Heredity},
year = {2010}
}

@article{Elgar:2008dm,
author = {Elgar, Greg and Vavouri, Tanya},
title = {{Tuning in to the signals: noncoding sequence conservation in vertebrate genomes}},
journal = {Trends in Genetics},
year = {2008},
volume = {24},
number = {7},
pages = {344--352},
month = jul
}


@article{Hannah:2000wo,
author = {Hanahan, Douglas and Weinberg, Robert},
title = {{The Hallmarks of Cancer}},
journal = {Cell},
year = {2000},
volume = {100},
number = {1},
pages = {57--70},
month = jan
}

@article{Martin:2001jx,
author = {Martin, G Steven},
title = {{The hunting of the Src}},
journal = {Nature Reviews Molecular Cell Biology},
year = {2001},
volume = {2},
number = {6},
pages = {467--475},
month = jun
}


@article{Czernilofsky:1980iwa,
author = {Czernilofsky, A P and Levinson, A D and Varmus, H E and Bishop, J M and Tischer, E and Goodman, H M},
title = {{Nucleotide sequence of an avian sarcoma virus oncogene (src) and proposed amino acid sequence for gene product}},
journal = {Nature},
year = {1980},
volume = {287},
number = {5779},
pages = {198--203},
month = sep,
annote = {10.1038/287198a0}
}

@article{Rous:1911uf,
author = {Rous, Peyton},
title = {{A SARCOMA OF THE FOWL TRANSMISSIBLE BY AN AGENT SEPARABLE FROM THE TUMOR CELLS}},
journal = {The Journal of Experimental Medicine},
year = {1911},
volume = {13},
number = {4},
pages = {397--411},
month = jan
}

@article{Dehm:2013fr,
author = {Dehm, Scott M and Bonham, Keith},
title = {{SRC gene expression in human cancer: the role of transcriptional activation}},
journal = {Biochem. Cell Biol.},
year = {2013},
volume = {82},
number = {2},
pages = {263--274},
month = jan
}

@book{Weinberg:2013uu,
author = {Weinberg, R},
title = {{The Biology of Cancer, Second Edition}},
publisher = {Garland Science.},
year = {2013}
}

@article{Pang:2011ce,
author = {Pang, Zhiping P and Yang, Nan and Vierbuchen, Thomas and Ostermeier, Austin and Fuentes, Daniel R and Yang, Troy Q and Citri, Ami and Sebastiano, Vittorio and Marro, Samuele and S{\"u}dhof, Thomas C and Wernig, Marius},
title = {{Induction of human neuronal cells by defined transcription factors}},
journal = {Nature},
year = {2011},
volume = {476},
number = {7359},
pages = {220--223},
month = aug
}

@article{Ieda:2010ir,
author = {Ieda, Masaki and Fu, Ji-Dong and Delgado-Olguin, Paul and Vedantham, Vasanth and Hayashi, Yohei and Bruneau, Benoit G and Srivastava, Deepak},
title = {{Direct Reprogramming of Fibroblasts into Functional Cardiomyocytes by Defined Factors}},
journal = {Cell},
year = {2010},
volume = {142},
number = {3},
pages = {375--386},
month = aug
}

@article{Efe:2011bpa,
author = {Efe, Jem A and Hilcove, Simon and Kim, Janghwan and Zhou, Hongyan and Ouyang, Kunfu and Wang, Gang and Chen, Ju and Ding, Sheng},
title = {{Conversion of mouse fibroblasts into cardiomyocytes using a direct reprogramming strategy}},
journal = {Nat Cell Biol},
year = {2011},
volume = {13},
number = {3},
pages = {215--222},
month = mar
}

@article{Bagci:2013ey,
author = {Bagci, Hakan and Fisher, Amanda G},
title = {{DNA Demethylation in Pluripotency and Reprogramming: The Role of Tet Proteins and Cell Division}},
journal = {Stem Cell},
year = {2013},
volume = {13},
number = {3},
pages = {265--269},
month = sep
}

@book{Lanza:2013uk,
author = {Lanza, R and Atala, A},
title = {{Essentials of Stem Cell Biology}},
publisher = {Elsevier Science},
year = {2013}
}



@book{lanza2009essentials,
author = {Lanza, R and Gearhart, J and Hogan, B and Melton, D and Pedersen, R and Thomas, E D and Thomson, J A and Wilmut, I S},
title = {{Essentials of Stem Cell Biology}},
publisher = {Elsevier Science},
year = {2009}
}

@article{Williams:2012eg,
author = {Williams, Gareth H and Stoeber, Kai},
title = {{The cell cycle and cancer}},
journal = {The Journal of Pathology},
year = {2012},
volume = {226},
number = {2},
pages = {352--364},
month = jan
}

@article{Gentile:2003in,
author = {Gentile, Massimiliano and Latonen, Leena and Laiho, Marikki},
title = {{Cell cycle arrest and apoptosis provoked by UV radiation‐induced DNA damage are transcriptionally highly divergent responses}},
journal = {Nucleic Acids Research},
year = {2003},
volume = {31},
number = {16},
pages = {4779--4790},
month = aug
}

@article{Hughes:2001ho,
author = {Hughes, Timothy R and Mao, Mao and Jones, Allan R and Burchard, Julja and Marton, Matthew J and Shannon, Karen W and Lefkowitz, Steven M and Ziman, Michael and Schelter, Janell M and Meyer, Michael R and Kobayashi, Sumire and Davis, Colleen and Dai, Hongyue and He, Yudong D and Stephaniants, Sergey B and Cavet, Guy and Walker, Wynn L and West, Anne and Coffey, Ernest and Shoemaker, Daniel D and Stoughton, Roland and Blanchard, Alan P and Friend, Stephen H and Linsley, Peter S},
title = {{Expression profiling using microarrays fabricated by an ink-jet oligonucleotide synthesizer}},
journal = {Nat Biotech},
year = {2001},
volume = {19},
number = {4},
pages = {342--347},
month = apr
}

@article{Lockhart:1996jw,
author = {Lockhart, David J and Dong, Helin and Byrne, Michael C and Follettie, Maximillian T and Gallo, Michael V and Chee, Mark S and Mittmann, Michael and Wang, Chunwei and Kobayashi, Michiko and Norton, Heidi and Brown, Eugene L},
title = {{Expression monitoring by hybridization to high-density oligonucleotide arrays}},
journal = {Nat Biotech},
year = {1996},
volume = {14},
number = {13},
pages = {1675--1680},
month = dec
}

@booklet{phimister1999chipping,
title = {{The Chipping Forecast}},
author = {Phimister, B},
year = {1999}
}

@article{Cleveland:2012fu,
author = {Cleveland, William S},
title = {{Robust Locally Weighted Regression and Smoothing Scatterplots}},
journal = {Journal of the American statistical {\ldots}},
year = {2012},
volume = {74},
number = {368},
pages = {829--836},
month = apr
}

@article{Mortazavi:2008jj,
author = {Mortazavi, Ali and Williams, Brian A and McCue, Kenneth and Schaeffer, Lorian and Wold, Barbara},
title = {{Mapping and quantifying mammalian transcriptomes by RNA-Seq}},
journal = {Nat Meth},
year = {2008},
volume = {5},
number = {7},
pages = {621--628},
month = jul
}

@article{Nagalakshmi:2008cj,
author = {Nagalakshmi, Ugrappa and Wang, Zhong and Waern, Karl and Shou, Chong and Raha, Debasish and Gerstein, Mark and Snyder, Michael},
title = {{The Transcriptional Landscape of the Yeast Genome Defined by RNA Sequencing}},
journal = {Science},
year = {2008},
volume = {320},
number = {5881},
pages = {1344--1349},
month = jun
}

@article{Tennyson:1995dl,
author = {Tennyson, Christine N and Klamut, Henry J and Worton, Ronald G},
title = {{The human dystrophin gene requires 16 hours to be transcribed and is cotranscriptionally spliced}},
journal = {Nat Genet},
year = {1995},
volume = {9},
number = {2},
pages = {184--190},
month = feb
}

@article{Herce:kq,
author = {Herce, Henry D and Deng, Wen and Helma, Jonas and Leonhardt, Heinrich and Cardoso, M Cristina},
title = {{Visualization and targeted disruption of protein interactions in living cells}},
journal = {Nature Communications},
year = {2013},
volume = {4},
month = oct,
annote = {Supplementary information available for this article at http://www.nature.com/ncomms/2013/131024/ncomms3660/suppinfo/ncomms3660{\_}S1.html}
}

@article{James:mc,
author = {James, F},
title = {{Monte Carlo theory and practice}},
journal = {Rep. Prog. Phys.},
year = {1980},
volume = {43},
number = {9},
pages = {1145}
}

@book{hastie2001elements,
author = {Hastie, T and Tibshirani, R and Friedman, J H},
title = {{The Elements of Statistical Learning: Data Mining, Inference, and Prediction}},
publisher = {Springer},
year = {2001},
series = {Springer series in statistics}
}

@book{norris1998markov,
author = {Norris, J R},
title = {{Markov Chains}},
publisher = {Cambridge University Press},
year = {1998},
series = {Cambridge Series in Statistical and Probabilistic Mathematics}
}

@article{Baum:1966cy,
author = {Baum, Leonard E and Petrie, Ted},
title = {{Statistical Inference for Probabilistic Functions of Finite State Markov Chains}},
journal = {Ann. Math. Statist.},
year = {1966},
volume = {37},
number = {6},
pages = {1554--1563},
month = dec
}

@book{MacDonald:1997wm,
author = {MacDonald, I L and Zucchini, W},
title = {{Hidden Markov and Other Models for Discrete- valued Time Series}},
publisher = {Taylor {\&} Francis},
year = {1997}
}

@book{Zucchini:2009vl,
author = {Zucchini, W and MacDonald, I L},
title = {{Hidden Markov Models for Time Series: An Introduction Using R}},
publisher = {Taylor {\&} Francis},
year = {2009}
}

@incollection{Saccomani:2003kx,
author = {Saccomani, Mariapia and Audoly, Stefania and Bellu, Giuseppina and D'Angi{\`o}, Leontina},
title = {{Parameter Identifiability of Nonlinear Biological Systems}},
booktitle = {Lecture Notes in Control and Information Science},
year = {2003},
editor = {Benvenuti, Luca and Santis, Alberto and Farina, Lorenzo},
pages = {87--93},
publisher = {Springer Berlin Heidelberg}
}

@article{Jacquez:1985fz,
author = {Jacquez, John A and Greif, Peter},
title = {{Numerical parameter identifiability and estimability: Integrating identifiability, estimability, and optimal sampling design}},
journal = {Mathematical Biosciences},
year = {1985},
volume = {77},
number = {1-2},
pages = {201--227},
month = dec
}

@article{Wheeler:2003ka,
author = {Wheeler, Aaron R and Throndset, William R and Whelan, Rebecca J and Leach, Andrew M and Zare, Richard N and Liao, Yish Hann and Farrell, Kevin and Manger, Ian D and Daridon, Antoine},
title = {{Microfluidic Device for Single-Cell Analysis}},
journal = {Anal. Chem.},
year = {2003},
volume = {75},
number = {14},
pages = {3581--3586},
month = may
}

@article{Dalerba:2011cc,
author = {Dalerba, Piero and Kalisky, Tomer and Sahoo, Debashis and Rajendran, Pradeep S and Rothenberg, Michael E and Leyrat, Anne A and Sim, Sopheak and Okamoto, Jennifer and Johnston, Darius M and Qian, Dalong and Zabala, Maider and Bueno, Janet and Neff, Norma F and Wang, Jianbin and Shelton, Andrew A and Visser, Brendan and Hisamori, Shigeo and Shimono, Yohei and van de Wetering, Marc and Clevers, Hans and Clarke, Michael F and Quake, Stephen R},
title = {{Single-cell dissection of transcriptional heterogeneity in human colon tumors}},
journal = {Nat Biotech},
year = {2011},
volume = {29},
number = {12},
pages = {1120--1127},
month = dec
}

@article{Elowitz:2002hb,
author = {Elowitz, Michael B and Levine, Arnold J and Siggia, Eric D and Swain, Peter S},
title = {{Stochastic Gene Expression in a Single Cell}},
journal = {Science},
year = {2002},
volume = {297},
number = {5584},
pages = {1183--1186},
month = aug
}

@article{Wang:2010ew,
author = {Wang, Daojing and Bodovitz, Steven},
title = {{Single cell analysis: the new frontier in `omics'}},
journal = {Trends in Biotechnology},
year = {2010},
volume = {28},
number = {6},
pages = {281--290},
month = jun
}

@article{Hodgkin:1952td,
author = {Hodgkin, A L and Huxley, A F},
title = {{A quantitative description of membrane current and its application to conduction and excitation in nerve}},
journal = {J Physiol},
year = {1952},
volume = {117},
number = {4},
pages = {500--544},
month = aug
}

@article{deSouza:2012dz,
author = {de Souza, Natalie},
title = {{Single-cell methods}},
journal = {Nature Methods},
volume = {9},
number = {1},
pages = {35},
year = {2012}
}

@article{Tang:2011gt,
author = {Tang, Fuchou and Lao, Kaiqin and Surani, M Azim},
title = {{Development and applications of single-cell transcriptome analysis}},
journal = {Nature Methods},
volume = {8},
year = {2011}
}

@misc{cancer:2013,
author = {Cancer Research UK},
title = {{CancerStats}},
howpublished = {http://www.cancerresearchuk.org/cancer-info/cancerstats/},
note = {Accessed: 29-12-2013},
year = {2013}
}


@article{Sasieni:2011,
author = {Sasieni, P D and Shelton, J and Ormiston-Smith, N and Thomson, C S and Silcocks, P B},
day = {26},
journal = {Br J Cancer},
month = {07},
number = {3},
pages = {460--465},
publisher = {Cancer Research UK},
title = {{What is the lifetime risk of developing cancer[quest]: the effect of adjusting for multiple primaries}},
url = {http://dx.doi.org/10.1038/bjc.2011.250},
volume = {105},
year = {2011}
}

@article{Pawlik2004928,
title = {Role of cell cycle in mediating sensitivity to radiotherapy },
journal = {International Journal of Radiation Oncology Biology Physics },
volume = {59},
number = {4},
pages = {928 - 942},
year = {2004},
issn = {0360-3016},
author = {Timothy M. Pawlik and Khandan Keyomarsi}
}

@article{Bar-Joseph04082004,
author = {Bar-Joseph, Ziv and Farkash, Shlomit and Gifford, David K. and Simon, Itamar and Rosenfeld, Roni},
title = {Deconvolving cell cycle expression data with complementary information},
volume = {20},
number = {suppl 1},
pages = {i23-i30},
year = {2004},
journal = {Bioinformatics}
}

@article{Gupta:2011fk,
author = {Gupta, Piyush B and Fillmore, Christine M and Jiang, Guozhi and Shapira, Sagi D and Tao, Kai and Kuperwasser, Charlotte and Lander, Eric S},
title = {{Stochastic State Transitions Give Rise to Phenotypic Equilibrium in Populations of Cancer Cells}},
journal = {Cell},
year = {2011},
volume = {146},
number = {4},
pages = {633--644},
month = aug
}

@article{Lee:2010kz,
author = {Lee, Ga-Young and Shim, Jae-Seung and Cho, Bin and Jung, Joo-Young and Lee, Dong-Soon and Oh, Il-Hoan},
title = {{Stochastic acquisition of a stem cell-like state and drug tolerance in leukemia cells stressed by radiation}},
journal = {International Journal of Hematology},
year = {2010},
volume = {93},
number = {1},
pages = {27--35},
month = dec
}

@article{Ohgushi:2011em,
author = {Ohgushi, Masatoshi and Sasai, Yoshiki},
title = {{Lonely death dance of human pluripotent stem cells: ROCKing between metastable cell states}},
journal = {Trends in Cell Biology},
year = {2011},
volume = {21},
number = {5},
pages = {274--282},
month = may
}

@article{Plath:2011is,
author = {Plath, Kathrin and Lowry, William E},
title = {{Progress in understanding reprogramming to the induced pluripotent state}},
journal = {Nature Publishing Group},
year = {2011},
volume = {12},
number = {4},
pages = {253--265},
month = apr
}

