@article{Armond:2013,
author = {Armond, JW and Saha, K and Rana, AA and Oates, CJ and Jaenisch, R and Nicodemi, M and Mukherjee, S},
title = {{A stochastic model dissects cell states in biological transition processes}},
journal = {submitted},
year = {2013}
}

@article{Casale:2013,
author = {Casale, FP and Giurato, G and Nassa, G and Armond, JW and Oates, CJ and Cor\'a, D and Gamba, A and Mukherjee, S and Weisz, A and Nicodemi, M},
title = {{Single-Cell States in the Estrogen Response of Breast Cancer Cell Lines}},
journal = {submitted},
year = {2013}
}
